2202 3125
162 732 190 751 10

163 987 189 1006 15

159 1242 188 1262 20

157 1498 186 1518 25

156 1755 185 1773 30

652 150 701 176 DE
721 150 881 176 GUBERN.
904 149 969 175 DEI
988 149 1028 174 vl
1049 149 1060 180 ς
1081 149 1112 172 99
1131 162 1165 166 —
1184 148 1239 173 vn
1260 148 1271 179 ‚s
1295 149 1395 172 1—1o.
1799 148 1839 177 35

212 250 380 286 egestuoso
404 255 475 276 esse
500 245 690 276 lasciviam?
734 243 941 275 Criminosior
970 242 1088 283 quippe
1120 244 1168 272 est
1198 241 1362 272 luxuriosa
1388 245 1561 282 paupertas
1585 245 1616 272 et
1640 240 1768 272 maioris
1791 240 1842 271 in—

211 297 318 328 vidiae
342 297 440 328 miser
462 305 577 335 nugas.
626 296 725 326 Totus
750 295 910 325 Romanus
934 293 1019 324 orbis
1043 297 1074 324 et
1098 293 1194 323 miser
1224 296 1272 323 est
1296 296 1327 323 et
1350 292 1542 324 luxuriosus.
1591 293 1679 331 Quis.
1707 302 1838 331 quaeso,

212 358 334 389 pauper
358 351 389 379 61
411 356 532 387 nugas.
559 346 630 386 quis
654 345 871 386 captivitatem
897 348 1070 385 expectans
1095 344 1134 375 (16
1159 344 1240 375 circo
1265 344 1398 384 cogitat,
1426 343 1497 383 quis
1520 347 1651 374 mortem
1676 343 1787 374 metuit
1811 347 1842 374 et

212 399 316 430 ridet?
360 399 427 429 Nos
451 401 482 429 et
505 397 538 428 in
560 400 646 428 metu
678 396 871 437 captivitatis
902 395 1042 426 ludimus
1066 399 1097 426 et
1120 395 1215 436 positi
1238 395 1271 426 in
1294 394 1403 426 mortis
1427 394 1538 425 timore
1566 394 1717 425 ridemus.
1766 394 1842 425 Sar-

212 450 334 481 donicis
359 447 591 489 quodammodo
615 447 722 479 herbis
747 457 871 478 omnem
896 447 1072 477 Romanum
1091 446 1251 487 {populum
1276 450 1369 486 putes
1393 455 1464 477 esse
1489 449 1681 476 saturatum:
1710 446 1841 476 moritur

211 504 243 532 et
266 501 357 532 ridet.
407 500 446 531 Et
462 499 534 530 ideo
550 499 583 530 in
600 499 745 530 omnibus
769 498 835 529 fere
859 498 1003 539 partibus
1028 497 1136 528 mundi
1162 498 1244 528 risus
1268 501 1391 528 nostros
1416 496 1567 527 lacrimae
1592 500 1836 535 consequuntur.

211 562 248 582 ac
272 552 358 583 venit
382 551 477 582 etiam
502 551 534 581 in
558 549 719 591 praesenti
750 559 846 590 super
874 559 931 580 nos
958 549 1039 579 illud
1063 549 1182 579 domini
1206 549 1302 579 nostri
1328 548 1463 579 dictum:
1497 557 1571 578 vae
1602 547 1736 582 vobis.
1772 548 1839 586 qui

211 602 378 640 ridetis,
406 601 598 640 quoniam
622 600 802 631 flebitis.

296 670 338 700 ΙΙ.
367 669 430 700 Sed
454 669 597 700 forsitan.
626 679 696 699 cum
721 668 760 699 de
785 668 916 699 ludicris
940 677 977 699 ac
1001 667 1207 699 foeditatibus
1229 667 1367 708 publicis
1394 667 1572 698 diutissime
1597 665 1781 698 dixerimus.
1809 667 1841 697 in

211 721 269 752 hoc
293 725 415 752 tantum
440 720 612 751 deteriores
640 730 711 751 esse
734 729 791 750 nos
815 723 908 760 putes
931 719 1091 757 barbaris.
1119 719 1194 758 quia
1216 719 1264 749 illi
1288 719 1367 750 haec
1390 728 1452 749 non
1476 721 1585 758 agant,
1612 727 1668 748 nos
1693 727 1837 757 agamus7

211 776 349 803 ceterum
374 772 461 812 ipsos
485 771 623 802 carnalis
654 771 797 802 libidinis
828 770 949 801 scelere
974 773 1005 801 et
1028 770 1246 801 fornicationis
1277 769 1422 801 funestae
1453 779 1551 800 caeno
1575 779 1636 799 non
1660 768 1704 799 ita
1727 769 1838 809 pollui.

211 823 456 863 Comparemus.
491 822 516 853 si
541 823 661 863 placet.
696 822 810 853 ceteris
841 821 1023 852 nationibus
1055 821 1151 851 etiam
1179 821 1211 851 in
1234 821 1294 851 hac
1318 825 1407 861 parte
1432 821 1600 851 Romanos.
1649 820 1688 850 Et
1712 819 1841 859 quidem

210 874 317 905 nescio
341 884 381 904 an
406 874 482 904 ullis
506 874 623 905 rectius
654 876 875 914 comparentur
906 882 1001 912 quam
1028 872 1096 907 1118,
1132 882 1210 911 quos
1242 871 1321 902 deus
1344 872 1377 902 in
1401 871 1506 902 medio
1530 871 1575 902 rei
1598 871 1745 912 publicae
1771 871 1841 901 sinu

211 925 329 966 positos
352 934 554 966 possessores
578 925 654 956 fecit
677 934 714 955 ac
738 924 882 955 dominos
913 923 972 954 soli
1002 933 1072 954 esse
1096 923 1241 953 Romani.
1289 923 1382 954 Unde
1413 923 1559 962 quamvis
1582 922 1661 953 nihil
1686 922 1841 963 disputari

211 976 250 1008 (16
274 976 391 1007 111(11610
416 976 468 1007 (161
492 976 608 1017 possit.
642 980 748 1007 tamen
773 986 844 1007 cum
873 975 1015 1006 ablatam
1038 974 1129 1005 nobis
1152 974 1230 1005 iuris
1254 974 1352 1005 nostri
1376 974 1526 1015 optimam
1550 978 1673 1014 partein
1697 973 1842 1004 barbaris

210 1027 350 1060 dederit.
386 1027 570 1059 videamus.
605 1037 645 1058 an
669 1027 720 1059 id.
754 1027 839 1066 quod
864 1026 955 1057 nobis
985 1026 1058 1057 tulit
1081 1029 1111 1057 et
1134 1025 1199 1056 illis
1229 1025 1377 1057 tradidit.
1411 1025 1493 1056 iusto
1523 1025 1639 1056 iudicio
1670 1024 1841 1055 tradidisse

1870 669 1886 697 7

210 1078 366 1110 videatur.
416 1079 542 1110 Nemini
575 1078 707 1109 dubium
737 1082 785 1109 est
814 1078 989 1117 Aquitanos
1021 1087 1058 1108 ac
1087 1077 1347 1117 Novempopulos
1384 1076 1559 1107 medullam
1596 1076 1663 1107 fere
1701 1076 1840 1107 omnium
1868 1078 1885 1108 8

223 1130 389 1161 {talliarum
414 1134 444 1161 61
468 1130 545 1161 uber
568 1130 664 1161 totius
689 1129 896 1160 fecunditatis
920 1129 1082 1167 habuisse7
1109 1138 1168 1159 nec
1184 1128 1285 1159 solum
1310 1127 1525 1167 fecunditatis,
1553 1127 1620 1165 sed,
1648 1137 1729 1166 quae
1745 1137 1839 1168 prae-

210 1181 283 1222 poni
312 1181 471 1212 interdum
496 1181 683 1212 fecunditati
715 1181 833 1211 solent.
868 1180 1092 1215 iucunditatis.
1126 1179 1388 1220 pulchritudinis.
1422 1179 1604 1219 voluptatis.
1653 1178 1743 1209 Adeo
1773 1178 1840 1209 illic

210 1232 311 1263 omnis
335 1232 506 1263 admodum
532 1232 619 1272 regio
650 1236 705 1263 aut
733 1232 905 1262 intertexta
935 1231 1037 1262 vineis
1066 1235 1120 1261 aut
1142 1230 1311 1261 florulenta
1334 1230 1434 1271 pratis
1457 1234 1511 1260 aut
1536 1230 1683 1260 distincta
1709 1229 1840 1260 culturis

209 1287 263 1314 aut
288 1283 415 1315 condita
438 1283 540 1324 pomis
564 1287 619 1314 aut
642 1287 812 1314 amoenata
837 1282 917 1313 lucis
934 1286 989 1313 aut
1011 1282 1136 1321 inrigua
1161 1281 1301 1312 fontibus
1325 1285 1380 1312 aut
1402 1281 1556 1312 interfusa
1579 1280 1762 1311 fluminibus
1786 1284 1841 1311 aut

209 1335 322 1366 crinita
352 1335 510 1366 messibus
542 1334 618 1373 fuit,
654 1338 687 1365 ut
710 1344 783 1365 vere
815 1343 1016 1375 possessores
1040 1343 1076 1364 ac
1101 1332 1221 1363 domini
1250 1336 1354 1363 terrae
1382 1332 1469 1363 illius
1492 1342 1554 1363 11011
1577 1336 1641 1363 tam
1666 1332 1725 1362 soli
1748 1331 1840 1362 istius

207 1386 383 1427 portionem
408 1396 503 1425 quam
527 1386 669 1426 paradisi
693 1385 866 1425 imaginem
890 1385 1074 1426 possedisse
1099 1383 1278 1415 videantur.
1329 1383 1413 1421 Quid
1437 1393 1512 1423 ergo
1536 1387 1608 1423 post
1630 1383 1691 1413 ista
1715 1382 1841 1413 omnia?

208 1437 423 1469 Officiosiores
447 1438 568 1476 absque
593 1437 689 1468 dubio
714 1437 773 1468 deo
798 1446 868 1468 esse
898 1436 1089 1467 debuerant.
1124 1444 1204 1474 quos
1234 1434 1440 1475 peculiariter
1463 1434 1542 1466 deus
1566 1434 1841 1465 abundantissima

206 1488 432 1519 beneficiorum
464 1498 591 1519 suorum
623 1488 695 1519 dote
728 1488 895 1519 ditaverat.
947 1487 1031 1524 Quid
1062 1487 1146 1518 enim
1176 1486 1293 1517 rectius
1321 1489 1376 1517 aut
1405 1485 1482 1525 quid
1509 1485 1653 1525 dignius.
1689 1495 1783 1530 quam
1807 1489 1841 1515 ut

207 1540 322 1579 quibus
347 1549 404 1580 per
426 1550 559 1571 munera
583 1549 641 1570 sua
665 1539 812 1570 dominus
836 1539 929 1579 quasi
947 1538 1129 1579 specialiter
1145 1537 1314 1568 videbatur
1332 1537 1460 1577 placere
1477 1537 1627 1576 voluisse.
1653 1536 1738 1567 idem
1763 1546 1842 1576 quo-

208 1600 268 1630 que
294 1590 466 1631 specialius
491 1590 617 1621 domino
642 1591 728 1621 cultu
752 1600 788 1621 ac
813 1590 969 1630 religione
993 1589 1200 1630 placuissent.
1229 1588 1416 1629 praesertim
1441 1597 1511 1618 cum
1536 1598 1553 1618 a
1578 1588 1668 1619 nobis
1693 1588 1772 1618 deus
1796 1588 1840 1618 nil

207 1651 390 1681 onerosum7
425 1642 468 1672 nil
493 1652 591 1681 grave
616 1642 734 1682 exigat.
784 1642 855 1672 Non
880 1641 963 1673 6111111
987 1650 1044 1672 1108
1069 1640 1110 1671 ad
1134 1643 1240 1670 aratra
1269 1644 1324 1670 aut
1347 1639 1389 1670 ad
1420 1639 1544 1679 ligones
1574 1643 1681 1671 vocat.
1713 1649 1774 1670 non
1798 1639 1840 1670 ad

207 1692 400 1724 scindendas
424 1696 525 1724 terras
550 1703 652 1733 neque
677 1693 718 1724 ad
742 1693 853 1724 vineas
878 1692 1106 1733 pastinandas.
1140 1701 1202 1722 non
1227 1690 1364 1730 denique
1387 1690 1446 1721 illa
1471 1690 1570 1730 exigit
1593 1701 1611 1721 a
1636 1691 1735 1721 servis
1759 1690 1836 1725 suis,

206 1754 288 1783 quae
313 1754 369 1775 nos
394 1744 552 1784 exigimus
577 1755 596 1775 a
619 1745 745 1775 nostris.
796 1744 880 1782 Quid
903 1754 1041 1783 namque
1066 1743 1132 1774 ait‘?
1162 1742 1312 1773 Venite
1336 1742 1385 1772 ad
1414 1752 1471 1773 1116
1501 1752 1650 1780 omnes,
1684 1742 1749 1781 qui
1773 1742 1836 1773 la—

206 1795 363 1826 boratis
394 1799 431 1826 et
461 1795 621 1826 onerati
660 1795 781 1833 estis⁷
825 1800 862 1827 et
900 1805 973 1835 ego
1010 1804 1081 1825 vos
1113 1793 1319 1825 reficiam:
1360 1793 1500 1824 tollite
1537 1793 1672 1833 iugum
1711 1803 1837 1824 meum

206 1856 429 1887 supervos
460 1850 497 1877 61
529 1846 685 1878 discite
716 1857 734 1877 a
765 1857 841 1878 me.
882 1846 977 1886 quia
1008 1846 1120 1876 mitis
1153 1855 1234 1876 sum
1266 1848 1304 1876 et
1334 1844 1506 1875 humilis
1538 1843 1675 1883 corde,
1709 1844 1838 1876 61111-

275 1958 313 1985 3⁰:
338 1957 435 1983 Matth.
461 1958 499 1986 11,
522 1958 563 1981 2⁶⁸:

278 2137 286 2160 1
309 2139 411 2160 maiores
432 2139 453 2160 A
475 2141 486 2160 I
502 2146 534 2161 m.
557 2139 610 2167 BT,
632 2139 730 2161 maioris
750 2142 787 2160 est
804 2146 821 2167 p
938 2136 1048 2159 inuidias
1068 2137 1114 2158 BT
1236 2136 1250 2159 2
1270 2143 1349 2165 nugas
1370 2136 1455 2159 ABT:
1476 2138 1579 2164 nugator
1596 2144 1621 2165 p,
1645 2143 1729 2164 nugax
1749 2136 1833 2165 i‘ul90;

204 2180 313 2209 formum
332 2188 410 2207 nugas
430 2183 489 2203 salis
508 2182 606 2210 firmant
626 2184 704 2203 vetera
723 2182 843 2210 ylosmria
978 2182 1044 2202 totus
1063 2193 1097 2195 —
1116 2186 1193 2208 nugas
1213 2186 1259 2202 om.
1287 2179 1321 2208 ΤΡ
1456 2179 1520 2201 orbis
1541 2178 1586 2200 AB
1604 2186 1665 2202 corr.
1687 2186 1714 2200 ex
1733 2179 1800 2201 urbis

205 2223 219 2245 3
239 2230 317 2251 nugas
338 2223 399 2245 AB:
425 2230 508 2251 nugax
534 2224 588 2247 edd.
730 2227 834 2246 mortem
861 2224 951 2245 metuit
971 2223 1008 2244 A:
1035 2223 1126 2245 metuit
1150 2226 1252 2244 mortem
1278 2222 1324 2244 BT
1347 2224 1367 2244 ει
1390 2222 1444 2244 edd.
1475 2222 1526 2251 (qui
1549 2222 1721 2250 captiuitatem
1739 2235 1773 2238 —
1792 2222 1833 2251 qui

205 2270 308 2289 mortem
333 2266 370 2289 ed.
393 2266 491 2289 Baluzii
515 2268 597 2289 int-ilis
616 2266 689 2289 libris!
834 2270 858 2289 et
884 2266 905 2287 R
924 2273 942 2288 s.
965 2266 982 2288 l.
1123 2265 1138 2288 4
1164 2265 1221 2287 ridit
1242 2266 1262 2287 A
1285 2267 1295 2287 1
1312 2273 1343 2287 m.
1385 2267 1441 2287 [tem
1457 2265 1535 2293 paulo
1551 2267 1630 2293 post),
1657 2265 1743 2287 irridet
1762 2264 1799 2294 Bp

204 2312 229 2331 et
252 2311 315 2331 :ante
334 2309 419 2338 positi)
441 2310 466 2331 in
486 2309 506 2331 B
525 2316 622 2332 erasum
727 2309 849 2331 immortis
870 2310 892 2330 A
997 2307 1101 2330 ridimus
1122 2308 1143 2329 A
1166 2309 1224 2331 1⁷12.
1333 2307 1347 2330 5
1367 2308 1486 2337 populum
1506 2313 1633 2329 romanum
1658 2307 1677 2329 T
1780 2314 1834 2330 esse

204 2358 251 2374 om.
271 2359 287 2380 p
394 2351 406 2373 'A'
427 2358 453 2373 ac
472 2353 543 2374 uenit
564 2352 585 2373 A
607 2354 617 2373 1
634 2359 665 2374 m.
688 2351 767 2380 BTp:
788 2351 890 2373 aduenit
911 2351 932 2372 A
952 2356 1013 2373 corr.
1035 2357 1067 2372 m.
1090 2350 1104 2371 Ε.)
1124 2353 1145 2372 et
1166 2350 1219 2372 him·
1238 2351 1312 2378 vulyo
1417 2350 1578 2378 impraesenti
1600 2350 1621 2371 A
1738 2349 1768 2372 10
1788 2357 1835 2378 pu-

204 2399 242 2417 tes
259 2402 291 2423 p:
312 2397 385 2423 putet
405 2394 483 2422 ΛΒΤ,
506 2397 604 2417 tantum
624 2395 679 2423 quis
701 2413 706 2417 .
724 2413 728 2417 .
751 2397 822 2423 putat
843 2394 915 2421 uuzyo
1037 2396 1111 2421 agant
1131 2393 1191 2415 AB:
1211 2396 1289 2421 agunt
1313 2393 1332 2415 T
1349 2396 1370 2415 et
1389 2392 1442 2415 edd.
1562 2399 1662 2421 agamus
1681 2393 1718 2414 A:
1739 2394 1834 2421 agimus

204 2437 251 2459 BT
268 2440 289 2459 et
307 2436 362 2460 edd.
472 2436 499 2460 ll
521 2438 586 2466 ipsos
607 2438 644 2459 A:
666 2437 717 2466 ipso
736 2437 784 2458 ΒΤ
798 2439 819 2458 et
831 2436 885 2459 edd.
994 2436 1102 2458 carnales
1122 2435 1239 2458 libidines
1260 2436 1281 2457 A
1390 2435 1419 2458 13
1440 2434 1504 2465 sinu]
1523 2442 1581 2458 suae
1600 2443 1616 2464 p
1724 2435 1754 2458 16
1773 2435 1830 2463 fort.

204 2480 269 2502 tollit
287 2479 321 2508 cf.
343 2480 374 2502 ud
395 2481 417 2507 5,
440 2482 471 2502 43
614 2479 642 2502 17
663 2482 701 2502 est
720 2479 742 2501 B
761 2486 779 2501 s.
802 2479 817 2502 L.
926 2486 953 2501 ac
974 2485 1062 2501 nouem
1084 2478 1144 2500 AB:
1165 2482 1191 2500 et
1210 2485 1299 2500 nouem
1324 2478 1349 2503 T,
1371 2485 1456 2500 omncs
1474 2486 1490 2507 p
1633 2477 1662 2501 19
1681 2479 1834 2501 fecunditate

205 2524 226 2545 A
244 2525 253 2545 l
269 2530 300 2545 m.
409 2523 547 2552 uoluptatis
566 2523 663 2545 iocund.
686 2523 806 2552 pulchrit.
828 2522 862 2551 ΤΡ
969 2522 1030 2544 addo
1046 2522 1065 2543 A
1174 2520 1205 2543 20
1224 2521 1363 2543 ammodum
1378 2522 1409 2545 A.
1431 2521 1532 2543 admodo
1552 2521 1573 2543 B
1588 2523 1599 2543 1
1614 2528 1646 2543 m.
1754 2522 1833 2543 inter-

205 2569 270 2588 serta
294 2565 313 2587 Τ
429 2566 515 2588 ueneis
536 2566 556 2587 A
580 2567 637 2589 Im.
661 2566 750 2587 uiuens
776 2565 794 2586 T
899 2564 1001 2587 cultoris
1022 2565 1043 2586 A
1066 2566 1077 2586 1
1092 2571 1125 2587 vn.
1251 2563 1278 2586 21
1302 2564 1398 2586 condita
1420 2564 1505 2586 ABT:
1526 2564 1620 2586 consita
1640 2565 1661 2586 A
1681 2571 1741 2587 corr.
1764 2572 1796 2587 m.
1819 2566 1833 2586 L'

203 2611 224 2630 et
243 2608 297 2631 edd.
319 2607 380 2630 illud
399 2611 431 2630 est
451 2610 578 2630 nostrum:
598 2608 704 2636 yewiirzt
723 2607 798 2629 durch
818 2607 865 2629 «len
884 2607 948 2636 Dus!
968 2607 1008 2629 ‹ler
1032 2606 1177 2629 (mscffiiunw
1283 2607 1381 2635 inrigua
1401 2607 1439 2628 A:
1461 2607 1567 2633 inrigata
1588 2607 1616 2634 B,
1639 2607 1740 2635 irrigata
1765 2607 1797 2635 Tp

205 2650 236 2674 22
256 2650 406 2673 circumdata
424 2651 547 2673 messibus
564 2656 581 2679 p
699 2657 725 2672 ac
746 2649 806 2671 AB:
827 2652 852 2672 et
876 2650 909 2679 Tp
1028 2650 1125 2672 domine
1144 2662 1178 2665 —
1197 2650 1247 2671 sole
1269 2650 1289 2671 A
1313 2651 1369 2672 lm.
1504 2648 1535 2671 24
1555 2650 1674 2672 officiores
1695 2651 1715 2671 A
1738 2652 1749 2671 1
1764 2658 1795 2672 m.

203 2694 362 2723 peculiariter
382 2694 420 2715 A:
441 2693 581 2722 specialiter
601 2693 662 2721 BTp
785 2691 816 2714 25
838 2692 978 2715 dictauerat
999 2693 1019 2714 A
1044 2694 1100 2714 Im.
1228 2690 1259 2714 26
1279 2692 1343 2714 idern
1364 2692 1424 2713 AB:
1445 2692 1520 2714 iidem
1544 2692 1578 2721 Tp
1695 2692 1725 2715 27
1747 2692 1832 2714 diuino

207 2738 242 2765 (ez
262 2737 334 2763 corr.)
356 2736 425 2758 cultu
449 2735 468 2757 T
598 2735 661 2757 nihil
682 2735 830 2757 honerosum
850 2735 871 2756 B
1012 2734 1044 2757 28
1065 2742 1108 2757 uos
1128 2734 1156 2756 ad
1176 2738 1253 2757 aratra
1272 2738 1301 2757 ut
1319 2735 1347 2757 ad
1373 2734 1392 2756 T
1530 2734 1561 2757 29
1581 2735 1633 2757 suis
1653 2735 1733 2757 seruis
1754 2735 1799 2757 BT

205 2778 230 2801 31
256 2778 366 2801 honorati
388 2779 407 2800 A
430 2780 440 2799 1
457 2785 489 2801 m.
596 2778 703 2800 reficiam
724 2784 767 2799 uos
792 2776 826 2805 Tp

1868 1387 1886 1415 9

1868 1746 1904 1775 10
