2202 3125
730 146 780 172 DE
800 145 960 171 GUBERN.
982 145 1047 170 DEI
1067 145 1121 170 VII
1142 145 1152 176 ᾗ
1174 145 1292 169 56-65,
1788 143 1828 171 95

201 241 468 282 quemadmodum
498 241 641 282 proiecta
670 249 739 270 esse
770 239 896 270 videtur
924 239 956 269 in
985 241 1123 269 terram?
1168 237 1333 275 Quomodo
1364 237 1426 268 nisi
1449 237 1540 276 quia,
1574 235 1700 276 quando
1724 234 1830 265 amisit

201 292 361 333 potentiae
385 292 502 323 veteris
527 290 746 324 altitudinem,
774 290 866 330 quasi
890 290 1062 321 caelestem
1086 288 1226 330 perdidit
1248 288 1448 328 dignitatem.
1497 288 1543 318 Et
1566 287 1751 318 educam.
1778 286 1829 316 111-

202 343 282 383 quit.
310 343 443 383 ignem
468 343 514 374 de
538 342 668 373 medio
691 342 769 376 tui,
798 341 863 372 hic
886 345 923 372 te
948 340 1183 372 devorabit.
1231 339 1315 377 Quid
1339 339 1398 370 hac
1422 349 1454 370 re
1479 339 1606 369 verius!
1651 338 1698 369 De
1723 337 1830 368 media

202 395 319 435 quippe
350 404 457 426 eorum
488 393 654 434 iniquitate
681 393 766 433 ignis
790 392 912 433 peccati
936 392 1024 431 exiit.
1053 392 1106 431 qui
1130 391 1316 422 felicitatem
1339 391 1452 431 prioris
1475 389 1627 430 temporis
1652 388 1826 420 devoravit.

170 456 181 473 5
201 446 246 477 Et
270 456 425 479 omnes.
459 445 576 485 inquit7
612 444 739 484 quite
763 446 970 474 noverunt
993 443 1103 474 inter
1125 442 1339 475 nationes.
1373 440 1738 472 contristabuntur
1762 448 1830 469 su-

155 718 180 737 10

152 975 179 993 15

149 1230 178 1249 20

148 1487 177 1507 25

149 1745 177 1764 :30

201 507 271 537 per
300 501 350 528 te.
398 496 575 528 Convenire
603 496 669 526 illis
700 496 757 526 hoc
788 505 850 526 non
882 498 1046 535 putemus.
1081 494 1107 525 si
1137 504 1198 524 non
1230 493 1354 524 eversio
1384 492 1526 523 Africani
1559 491 1617 521 soli
1648 491 1750 521 luctus
1782 493 1830 521 est

201 548 330 587 generis
353 547 496 578 humani.
542 547 749 581 Perditio.
783 546 903 586 inquit.
935 546 1070 576 factus
1095 555 1136 576 es
1161 550 1199 575 et
1223 555 1297 575 non
1322 544 1406 575 eris
1430 543 1607 583 amplius
1630 542 1668 572 in
1693 546 1830 571 aeter-

200 609 299 630 num.
348 599 385 630 In
414 598 624 639 perditionem
654 598 719 629 iam
749 598 815 628 illie
846 597 984 628 deducta
1015 596 1121 627 omnia
1152 596 1230 627 satis
1262 599 1398 626 constat:
1435 598 1580 635 superest
1609 603 1648 624 ne
1675 593 1829 623 malorum

200 650 415 690 praesentium
438 659 558 690 poenas
583 649 680 680 etiam
703 653 905 680 aeternorum
929 648 1124 679 continuatio
1149 651 1368 687 consequatur.

287 710 357 740 XV.
382 710 456 741 Non
479 710 618 750 patiatur
641 709 699 740 hoc
723 713 828 740 autem
852 718 908 749 pro
932 709 1047 739 affectu
1073 718 1148 739 511116
1173 706 1411 738 misericordiae
1436 705 1525 736 (16115.
1574 705 1656 735 Nam
1677 707 1828 743 quantum

200 761 241 792 ad
271 761 418 792 meritum
449 764 627 791 nostrorum
652 760 818 791 criminum
842 760 995 801 pertinet,
1031 760 1075 790 ita
1107 769 1140 790 se
1171 769 1222 790 res
1252 759 1365 790 habet.
1400 762 1434 788 ut
1462 756 1526 797 pati
1551 766 1645 797 posse
1669 755 1826 786 videatur.

200 812 283 849 Quid
315 812 399 843 enim
430 812 626 853 piaculorum
658 816 707 843 est
734 822 798 842 non
825 811 891 842 illie
916 821 1042 852 semper
1065 811 1264 841 admissum?
1308 810 1375 840 Nec
1399 808 1437 839 de
1462 808 1608 839 omnibus
1632 807 1721 838 (1160.
1756 806 1829 845 quia

201 867 232 895 et
262 864 403 894 enormia
432 863 499 894 fere
530 867 603 893 sunt
627 866 658 894 et
682 863 753 893 sciri
778 873 815 894 ac
839 862 901 893 diei
924 866 1013 894 tanta
1036 872 1098 893 non
1122 865 1265 902 possunt.
1296 853 1362 891 'De
1388 860 1455 891 sola
1480 859 1531 890 vel
1555 858 1692 889 maxime
1718 857 1831 888 obsce—

199 915 299 946 nitate
321 914 541 955 impuritatum
566 915 676 954 loquor
700 918 739 947 et.
775 913 860 954 quod
885 917 933 945 est
956 913 1096 953 gravius.
1125 913 1374 952 sacrilegiorum.
1424 910 1645 941 Praetermitto
1668 909 1699 940 in
1724 908 1830 947 aliquo

200 966 321 997 rabiem
353 965 554 1006 cupiditatis.
588 965 698 996 vitium
729 965 825 996 totius
854 965 981 1005 generis
1004 964 1151 995 humani:
1187 968 1350 1004 praetereo
1374 962 1528 993 avaritiae
1551 960 1826 991 inhumanitatem.

199 1017 360 1058 proprium
385 1021 433 1048 est
456 1017 668 1048 Romanorum
692 1026 794 1057 paene
819 1016 957 1047 omnium
982 1016 1117 1047 malum:
1149 1015 1346 1055 relinquatur
1369 1014 1524 1045 ebrietas.
1558 1012 1717 1043 nobilibus
1740 1011 1831 1050 igno—

200 1068 380 1108 bilibusque
404 1068 596 1099 communis:
631 1072 777 1099 taceatur
801 1068 952 1108 superbia
976 1072 1006 1098 et
1030 1072 1149 1098 tumor:
1184 1071 1249 1097 tam
1273 1066 1434 1107 peculiare
1458 1065 1516 1095 hoc
1541 1064 1674 1095 divitum
1698 1072 1830 1102 regnum

199 1124 256 1154 est.
284 1124 319 1151 ut
341 1120 464 1160 aliquid
488 1120 620 1151 forsitan
646 1119 685 1151 de
709 1120 776 1150 iure
802 1129 858 1150 suo
883 1129 916 1150 se
941 1123 1052 1160 putent
1076 1118 1221 1159 perdere.
1250 1118 1276 1148 si
1300 1117 1372 1148 hine
1397 1116 1457 1147 sibi
1481 1115 1564 1146 alius
1588 1115 1757 1155 quicquam
1775 1123 1830 1143 vo-

199 1171 293 1202 luerit
316 1171 496 1202 vindicare:
525 1175 706 1202 transeatur
729 1171 867 1211 denique
892 1181 989 1211 prope
1015 1181 1106 1201 onme
1132 1170 1302 1200 fraudium.
1331 1168 1518 1199 falsitatum.
1546 1166 1754 1207 periuriorum
1774 1174 1830 1195 nc-

199 1222 264 1253 fas:
292 1223 380 1253 nulla
405 1232 554 1262 umquam
580 1223 629 1253 1115
653 1222 746 1253 malis
771 1223 914 1253 Romana
938 1222 1051 1253 civitas
1076 1222 1187 1252 caruit.
1235 1220 1303 1251 Etsi
1328 1219 1500 1260 specialius
1524 1218 1582 1248 hoc
1607 1218 1711 1248 scelus
1735 1216 1829 1247 Afro—

199 1284 267 1305 rum
292 1274 429 1304 omnium
455 1273 525 1304 fuit.
573 1274 655 1304 Nam
674 1273 754 1304 sicut
769 1273 801 1303 in
819 1273 976 1304 sentinam
993 1273 1171 1313 profundae
1189 1272 1279 1302 navis
1296 1268 1501 1302 conluviones
1519 1269 1657 1299 0110111110
1676 1267 1825 1298 sordium.

199 1324 244 1355 sie
266 1325 298 1355 in
322 1334 425 1355 mores
449 1334 556 1355 eorum
581 1324 672 1365 quasi
698 1324 737 1355 de
763 1324 847 1355 omni
871 1324 987 1355 mundo
1011 1324 1089 1355 vitia
1112 1323 1282 1354 fluxerunt.
1331 1322 1461 1352 Nullam
1487 1320 1570 1351 enim
1593 1319 1828 1360 improbitatem

198 1375 278 1407 scio.
313 1386 395 1415 quae
423 1375 491 1406 11116
522 1386 584 1407 non
615 1374 859 1414 redundaverit.
894 1386 964 1406 cum
996 1375 1104 1415 utique
1137 1375 1232 1406 etiam
1262 1383 1409 1415 paganae
1433 1383 1469 1403 ac
1493 1372 1580 1403 ferae
1605 1375 1734 1411 gentes.
1770 1369 1828 1401 etsi

198 1427 316 1458 habent
340 1427 524 1468 specialiter
546 1427 631 1458 mala
655 1427 794 1468 propria,
822 1437 884 1458 11011
909 1427 973 1458 sint
995 1430 1103 1458 tamen
1126 1426 1157 1457 in
1182 1426 1232 1457 his
1257 1425 1361 1456 omnia
1387 1423 1588 1455 execratione
1605 1423 1715 1462 digna.
1765 1421 1829 1452 Gro-

197 1478 323 1509 thornm
347 1488 427 1518 gens
449 1478 582 1519 perfida.
618 1478 675 1509 sed
702 1478 818 1519 pudica
842 1482 899 1510 est.
934 1479 1107 1509 Alanorum
1132 1477 1302 1518 impudica.
1339 1476 1395 1507 sed
1419 1475 1524 1506 minus
1548 1473 1680 1515 perfida.
1716 1472 1829 1503 Franci

198 1529 387 1563 mendaces,
422 1530 478 1561 sed
508 1529 703 1571 hospitales.
738 1530 881 1561 Saxones
911 1529 1101 1561 crudelitate
1133 1529 1240 1565 efferi.
1275 1528 1331 1559 sed
1361 1527 1509 1558 castitate
1533 1524 1684 1556 mirandi:
1707 1526 1830 1554 ‘omnes

198 1581 335 1620 denique
359 1585 471 1621 gentes
495 1581 624 1613 habent.
653 1582 734 1613 sicut
756 1581 931 1622 peculiaria
956 1581 1050 1613 mala.
1078 1581 1123 1611 ita
1140 1581 1237 1611 etiam
1255 1579 1413 1620 quaedam
1434 1578 1528 1609 bona.
1573 1578 1609 1607 In
1626 1576 1712 1607 Afris
1729 1585 1830 1616 paene

198 1633 342 1663 omnibus
372 1633 479 1664 nescio
509 1633 585 1673 quid
615 1643 677 1664 11011
706 1633 836 1664 malum.
886 1633 919 1664 Si
943 1632 1123 1664 accusanda
1149 1636 1196 1663 est
1220 1630 1454 1662 inhumanitas.
1489 1628 1654 1659 inhumani
1679 1631 1767 1657 sunt.
1804 1626 1829 1657 si

198 1683 346 1715 ebrietas.
374 1684 499 1716 ebriosi.
528 1685 554 1715 si
578 1684 713 1716 falsitas.
742 1684 953 1716 fallacissimi.
982 1684 1009 1715 si
1033 1683 1136 1714 (101115.
1165 1681 1462 1714 fraudulentissimi.
1492 1681 1517 1711 si
1542 1679 1710 1720 cupiditas.
1739 1677 1828 1717 cupi-

199 1735 333 1772 dissimi,
369 1736 395 1766 si
418 1735 562 1776 perfidia.
590 1736 805 1777 perfidissimi.
854 1736 1027 1776 Impuritas
1052 1745 1159 1766 eorum
1184 1738 1278 1774 atque
1302 1732 1503 1773 blasphemia
1526 1731 1577 1761 his
1601 1730 1746 1761 omnibus
1769 1728 1828 1759 ad-

198 1786 364 1818 miscenda
386 1797 448 1818 non
473 1791 562 1819 sunt.
594 1787 668 1827 quia
691 1788 773 1825 illis.
801 1798 882 1828 quae
908 1798 1002 1828 supra
1028 1787 1183 1818 diximus.
1211 1785 1304 1816 malis
1328 1785 1462 1815 aliarum
1488 1783 1629 1823 gentium
1653 1780 1748 1821 vitias.
1776 1780 1826 1811 his

197 1842 302 1869 autem
327 1838 421 1869 etiam
447 1849 504 1870 sua
528 1839 599 1880 ipsa
622 1839 774 1870 vicerunt.

284 1899 370 1929 XVI.
404 1899 449 1929 Ac
472 1899 625 1940 primum7
660 1902 694 1930 ut
718 1899 757 1930 de
781 1899 962 1940 impuritate
987 1899 1146 1933 dicamus,
1175 1897 1245 1938 quis
1268 1896 1369 1927 nescit
1393 1894 1534 1926 Africam
1558 1897 1656 1924 totam
1680 1892 1826 1923 obscenis

197 1949 364 1981 libidinum
394 1950 498 1981 taedis
529 1961 654 1992 semper
685 1951 819 1984 arsisse.
854 1961 917 1982 11011
946 1954 980 1981 ut
1004 1954 1120 1981 terram
1144 1960 1181 1980 ac
1205 1948 1314 1979 sedem
1338 1946 1517 1978 hominum.
1553 1944 1609 1975 sed
1633 1948 1667 1974 ut
1690 1944 1825 1974 Aetnam

166 2013 177 2031 1,
197 2004 290 2042 putes
312 2001 544 2042 impudicarum
569 2002 668 2033 fuisse
692 2002 912 2033 flammarum?
956 2002 1038 2032 Nam
1064 2001 1144 2032 sieut
1166 2002 1270 2031 Aetna
1292 1998 1452 2030 intestinis
1477 1995 1668 2037 quibusdam
1693 1999 1825 2025 naturae

198 2051 352 2083 ferventis
376 2053 560 2093 ardoribus,
589 2054 634 2084 sic
657 2053 714 2084 illa
738 2053 959 2084 abominandis
982 2053 1101 2093 iugiter
1123 2051 1365 2083 fornicationum
1389 2049 1516 2089 ignibus
1540 2046 1710 2079 aestuavit.
1758 2046 1825 2076 Nec

267 2173 288 2201 2l
312 2172 413 2198 Ezech.
436 2174 476 2201 23.
501 2174 539 2197 13.
650 2175 670 2203 5.
694 2173 763 2199 ibid.
786 2182 811 2199 v.
837 2173 874 2197 ¹9.

270 2355 277 2377 1
301 2355 512 2384 quemammodum
535 2355 565 2379 A.
587 2355 705 2383 quomodo
729 2354 748 2376 T
766 2356 787 2376 et
806 2353 860 2376 edd.
968 2345 1024 2382 «suia
1044 2360 1090 2375 0111.
1110 2360 1135 2381 p.
1158 2352 1178 2374 R
1198 2359 1215 2374 s.
1238 2352 1253 2373 l.
1277 2350 1344 2372 habet
1449 2349 1462 2372 2
1484 2349 1597 2378 perderet
1616 2347 1661 2369 BT
1765 2348 1824 2369 erlu-

198 2405 249 2421 cam
270 2398 367 2427 ABTp:
388 2398 473 2420 ducam
493 2398 567 2425 vttlyo
690 2396 702 2419 7
724 2397 804 2419 faetus
824 2399 861 2418 est
885 2396 904 2417 T
1027 2394 1040 2417 S
1060 2395 1259 2424 imper-ditionem
1280 2394 1298 2415 A
1407 2394 1453 2414 iam
1474 2392 1524 2413 illic
1545 2393 1581 2413 A:
1606 2391 1654 2413 illic
1674 2391 1721 2412 iani
1742 2390 1786 2411 BT
1803 2393 1823 2412 et

197 2441 250 2464 edd.
370 2440 384 2462 9
404 2444 560 2463 aeternorum
581 2440 618 2462 A:
639 2443 739 2462 aeterna
758 2439 819 2467 BTp
939 2439 968 2461 10
989 2439 1083 2467 patitur
1099 2445 1116 2466 p
1233 2436 1261 2459 12
1283 2443 1313 2458 ne
1335 2436 1372 2464 Tp
1478 2435 1554 2456 dicam
1575 2442 1590 2463 p
1707 2432 1735 2455 13
1757 2434 1823 2455 inor-

198 2485 245 2507 mia
266 2484 286 2506 B
402 2484 463 2505 scire
483 2484 503 2505 A
628 2490 653 2505 ae
673 2482 733 2505 AB:
753 2485 777 2504 et
800 2482 835 2510 Tp
962 2481 990 2503 14
1010 2481 1067 2510 quid
1089 2480 1109 2502 R
1231 2483 1268 2501 est
1287 2486 1334 2501 mu.
1360 2478 1378 2499 T
1504 2476 1532 2499 15
1553 2480 1590 2499 est
1608 2477 1684 2498 totius
1705 2477 1787 2497 malim

201 2527 229 2550 16
249 2528 373 2557 proprium
395 2527 433 2548 A:
453 2526 518 2555 quod
539 2526 662 2555 proprium
685 2525 745 2553 BTp
859 2524 886 2546 17
909 2524 1045 2546 communi·
1068 2524 1096 2551 A.
1120 2529 1248 2544 commune
1269 2522 1288 2543 A
1309 2528 1369 2543 corr.
1389 2528 1420 2543 m.
1446 2523 1519 2543 vetere
1542 2520 1617 2543 (lucrio
1636 2520 1755 2547 primaria
1774 2525 1823 2540 non.

198 2572 246 2593 ium
266 2569 419 2599 [Iinpirilurffl
447 2568 597 2591 scribendum
619 2568 712 2590 uidetur
731 2567 868 2589 communis
897 2567 942 2593 *jz-el
961 2568 1099 2594 commune)
1128 2569 1166 2588 est
1309 2563 1337 2587 19
1358 2570 1454 2586 01110601
1475 2564 1495 2585 Β
1617 2562 1740 2584 fraudium
1762 2561 1822 2583 AB:

197 2614 310 2636 fraudum
330 2612 349 2634 T
360 2614 380 2634 et
395 2611 447 2634 edd.
555 2612 690 2640 periurium
708 2610 727 2632 T
831 2609 863 2632 20
883 2609 929 2632 etsi
946 2610 965 2631 A
980 2616 1040 2631 corr.
1056 2616 1083 2630 61·
1097 2612 1120 2630 et
1136 2616 1172 2630 se:
1190 2612 1214 2629 et
1228 2607 1281 2635 BT,
1298 2607 1338 2630 sed
1352 2614 1368 2636 p
1475 2606 1505 2628 22
1526 2606 1556 2627 de
1570 2606 1605 2627 A:
1621 2605 1645 2626 in
1661 2605 1713 2629 BT,
1729 2611 1757 2626 ex
1771 2612 1787 2632 p
1802 2606 1822 2625 ct

196 2656 268 2685 rrfulyo
402 2653 432 2676 23
454 2655 534 2685 fereae
556 2654 585 2679 A.
607 2653 648 2676 sed
667 2660 694 2675 ae
714 2660 789 2675 murm
811 2655 884 2674 uetere
902 2654 987 2680 pum-t.
1009 2652 1102 2673 ferreae
1123 2651 1152 2677 Β,
1174 2651 1237 2672 serre
1261 2650 1288 2672 T.
1310 2650 1404 2672 ferinae
1423 2657 1438 2678 p
1574 2647 1604 2670 24
1626 2648 1714 2669 habt-nt
1737 2646 1821 2668 Alis.-

196 2699 302 2721 habeant
321 2697 375 2721 edd.
484 2701 541 2719 sunt
565 2696 584 2717 T
689 2695 720 2718 25
740 2696 846 2718 Frances
866 2695 911 2717 ΒΤ
1017 2694 1048 2716 2ss
1069 2694 1204 2716 uenerandi
1223 2701 1238 2722 p
1350 2693 1381 2715 2‘.)
1401 2693 1489 2714 ebriosi
1510 2694 1568 2714 sunt
1589 2691 1608 2712 Η
1714 2689 1741 2711 :51
1765 2690 1822 2711 alio-

195 2748 249 2763 rum
270 2740 314 2762 BT
420 2739 449 2762 :52
470 2740 579 2769 ipsorum
598 2747 614 2768 p
721 2738 751 2761 34
772 2739 894 2761 Acarhnam
910 2737 981 2766 ATp,
1004 2737 1110 2759 Ethnatn
1125 2737 1154 2758 B.
1178 2738 1232 2758 item
1246 2737 1320 2765 paulo
1334 2738 1385 2764 post
1401 2735 1497 2757 Actium
1515 2734 1605 2756 (Ethna
1725 2732 1755 2754 :513
1776 2733 1823 2754 fer-

195 2787 283 2806 uentes
305 2783 324 2805 11

1857 1216 1895 1246 63

1858 1423 1897 1451 454

1854 1894 1894 1923 65
