2202 3125
690 137 807 164 INDEX
827 137 1031 163 VERBORUM
1051 137 1099 162 ET
1118 135 1357 163 LOCUTIONUM
1852 136 1910 165 175

170 236 323 259 mercedibus
337 236 509 265 dependendis
521 236 610 258 lor-ant.
632 235 656 262 3,
668 234 699 257 39

170 274 220 293 tam
240 271 393 294 necessariae
412 271 482 293 nobis
501 273 560 293 sunt
579 270 698 299 quaedam

171 304 361 328 domesticorum
375 305 547 334 obsequiorum
560 304 699 326 necessitu-

170 339 250 368 1111185,
276 343 304 362 ut
324 339 362 362 bis
380 340 450 369 quasi
470 339 547 361 oeulis
572 338 699 361 interdum

170 377 214 396 aut
227 375 340 396 manibus
354 377 462 396 utamur.
485 373 508 401 5,
521 372 552 396 43
570 375 624 402 post
637 379 700 395 mor-

170 412 221 431 tem
245 410 322 437 patris
346 409 398 431 nati
422 408 546 437 obsequiis
573 407 636 429 iuris
661 407 699 429 sui

171 443 262 471 agellos
282 450 330 465 uon
349 443 448 465 habent.

136 477 223 499 odiens
242 478 264 505 3,
284 477 313 500 12

136 512 315 541 omnipotentia
333 511 357 538 2,
373 510 404 533 25

136 546 312 575 opiniuncula:
344 546 364 568 E
382 546 410 573 4,
428 544 459 567 26
479 545 498 567 si
518 545 647 574 profutura
673 551 701 566 ea

171 581 271 602 tibimet
296 580 334 602 vel
353 580 424 602 tenui
450 586 488 609 op.
512 579 635 601 iudicares
654 580 698 600 etc.

172 615 217 644 Ep.
236 614 258 642 7,
275 614 289 636 5

136 649 192 671 ordo
207 649 265 671 haec
283 649 322 677 (ul.
335 648 382 678 hic)
399 655 481 670 rerum
496 651 618 676 gestarum
632 646 654 675 l,
668 645 700 669 42

136 718 262 747 paenitere
274 717 434 746 personaliter
448 716 470 744 5,
486 716 516 739 53
528 723 565 745 sq.
588 716 607 738 Ε
621 715 642 741 1.
658 715 697 738 38.

171 751 210 774 54.
233 752 336 780 13:230

136 786 270 815 paenitudo
290 786 309 808 Ε
327 785 347 814 1,
363 785 395 809 46

136 821 282 850 panchresta
301 822 315 843 ἰ.
332 827 351 843 e.
375 820 456 842 dulcia
475 820 588 849 placenta
608 819 700 848 quibus

171 856 279 877 infantes
299 855 388 884 placari
408 854 490 877 solent
509 854 532 881 o,
549 853 580 876 92

136 890 252 918 parcitas:
280 889 300 911 E
315 889 338 917 3,
355 889 386 912 (39
406 896 446 911 eos
466 889 509 918 qui
528 889 654 910 seminant
675 888 700 910 in

170 925 289 954 parcitate
318 926 360 953 (=
380 928 470 953 parce),
502 923 700 945 benedictionem

170 961 264 981 metere
283 965 330 981 non
351 965 420 987 posse

137 993 226 1022 paseha
245 993 366 1015 celebrato
388 992 409 1020 1,
426 991 453 1015 41
477 991 510 1020 es.
526 998 616 1014 manna

136 1028 217 1057 passio
226 1037 255 1047 =
265 1027 368 1050 affectus
380 1027 471 1049 animi:
497 1025 517 1053 l,
529 1025 560 1049 :⁵2
577 1033 624 1048 non
636 1026 700 1054 quod

170 1062 231 1084 deus
258 1062 304 1084 ulli
330 1062 458 1084 subiaceat
480 1061 599 1090 passioni.
629 1059 653 1089 4,
669 1059 699 1082 34

172 1097 316 1119 iracundiae
335 1097 415 1125 passio

137 1131 284 1160 passivitas:
318 1131 339 1155 7.
359 1130 387 1153 111
407 1133 526 1159 quantum
546 1130 574 1152 ad
595 1129 700 1158 passivi-

171 1168 245 1187 tatem
272 1165 385 1187 libidinis
410 1165 535 1194 pertinet,
569 1165 624 1192 quis
653 1170 700 1185 non

171 1200 301 1228 coniugem
321 1201 346 1221 in
360 1206 491 1221 numerum
506 1198 648 1221 anrillarum
662 1205 699 1219 re-

171 1235 257 1263 degit?
277 1234 300 1262 7,
318 1234 347 1256 ΙΝ
367 1234 405 1256 1111
424 1253 429 1257 .
443 1252 448 1257 .
467 1234 570 1258 01111018,
593 1236 621 1255 ut
640 1239 698 1258 reor,

172 1275 273 1291 numero
291 1269 423 1291 criminum
442 1275 468 1291 ac
483 1268 630 1297 passivitate
643 1273 700 1295 pee-

172 1303 260 1325 cabant

137 1337 258 1367 peculatio
273 1347 303 1357 z
317 1337 446 1367 peculatus
465 1336 488 1363 7,
505 1335 532 1358 91

137 1372 246 1401 pecudes
264 1379 318 1401 ycn.
334 1372 452 1394 muscam:
475 1371 497 1399 7,
518 1370 546 1393 18
567 1371 590 1392 in
611 1377 700 1392 morem

171 1413 253 1429 eornm
273 1406 406 1435 pecudum,
437 1406 479 1435 qui
499 1405 581 1427 mariti
601 1411 701 1434 gregum

175 1441 330 1470 appellantur

136 1476 235 1504 pedum,
258 1476 273 1498 i.
290 1482 308 1497 e.
325 1475 439 1497 baculum
459 1477 583 1504 pastorum
604 1474 623 1496 Ε
634 1473 658 1500 2,
669 1472 697 1496 41

136 1510 255 1539 perditio:
280 1510 303 1537 o,
320 1510 333 1532 3
353 1516 436 1532 omnes
450 1509 580 1531 admodum
600 1509 624 1530 in
645 1515 702 1536 per—

171 1545 290 1567 ditionem
313 1547 399 1567 ruunt.
428 1543 451 1571 o,
468 1543 499 1566 78
519 1543 595 1565 simul
612 1542 699 1571 (erant)

170 1579 260 1605 omnia,
288 1579 372 1605 luxus,
398 1579 552 1608 potationes,
579 1577 700 1607 perditio-

171 1620 223 1636 nes.
253 1613 272 1635 Ε
290 1612 310 1641 1,
326 1613 340 1635 3
360 1613 488 1639 luxuriae,
518 1612 699 1641 impudicitiae,

171 1648 323 1677 perditiones
342 1649 516 1670 successerunt

137 1683 259 1711 perierare
285 1684 306 1704 et
331 1682 462 1711 perieratio
489 1681 519 1706 4,
542 1680 582 1704 fib.
605 1680 636 1703 io
656 1682 699 1703 ele,

170 1717 195 1744 4,
211 1716 242 1738 77
262 1717 402 1745 perieratur
421 1717 489 1744 deus,
513 1717 529 1739 ι’.
551 1722 570 1738 ε.
592 1716 702 1745 periurio

170 1751 276 1773 violatur

136 1786 316 1815 permittuntur
341 1785 385 1807 soli
413 1786 478 1807 inter
497 1784 588 1807 Gothos
610 1784 701 1813 impuri

169 1828 224 1843 esse
238 1820 341 1842 Romani
361 1819 384 1849 7,
401 1819 446 1848 24;
468 1819 497 1842 ad
516 1819 559 1841 has
579 1818 703 1848 pervasio-

170 1862 213 1877 nes
235 1861 320 1877 servus
346 1861 390 1877 nec
413 1854 521 1883 aspirare
547 1853 702 1883 permittitur

168 1889 193 1917 4,
209 1888 255 1918 223
283 1896 331 1911 non
351 1889 531 1918 permittuntur
550 1890 577 1910 ut
594 1887 703 1910 serviant

169 1923 193 1951 4,
212 1923 255 1952 143
279 1923 312 1952 cf.
329 1923 353 1951 5,
369 1922 409 1946 211.
432 1923 451 1945 Ε
467 1922 489 1949 1,
505 1922 536 1945 47

134 1958 280 1988 pervadere:
303 1957 327 1986 5,
346 1957 377 1980 59
397 1957 535 1987 quamlibet
556 1959 644 1978 cuneta
662 1963 702 1978 or*-

170 1999 254 2022 vupes,
269 1993 410 2022 quamlibet
422 1995 510 2014 cuncta
521 1991 648 2021 pervadas,
665 1991 702 2012 vi-

168 2027 251 2049 cinum
271 2033 368 2056 semper
389 2027 513 2049 invenies.
536 2026 555 2047 E
572 2025 592 2053 1,
610 2024 622 2047 7
639 2027 684 2048 etc.

134 2069 147 2083 a
166 2062 310 2091 pervasione
329 2068 411 2083 rerum
434 2061 570 2083 alienarum
584 2067 631 2082 non
648 2060 702 2081 abs-

168 2097 252 2119 tinent
271 2095 295 2123 5,
312 2095 342 2118 54
358 2098 401 2118 etc.

134 2137 275 2160 pervasores
296 2131 368 2153 rebus
387 2137 471 2153 eorum
493 2129 612 2152 incubant
631 2128 653 2156 5,
671 2127 701 2150 43

133 2165 290 2194 petaminarii
309 2165 332 2192 6,
351 2164 380 2187 15

134 2199 213 2228 pietas
241 2199 280 2222 dei
304 2199 374 2228 (pius
393 2199 467 2228 deus)
486 2208 516 2218 =
535 2197 703 2220 misericordia

172 2233 193 2262 1,
209 2232 241 2256 48
260 2235 316 2256 item
334 2240 448 2262 persaepe
467 2233 531 2256 alius

134 2268 255 2297 placatrix
275 2268 315 2291 dei
336 2268 440 2290 ecclesia
459 2268 482 2295 3,
498 2267 529 2290 44

131 2303 302 2331 pleonasmus:
321 2301 345 2331 3,
362 2301 393 2325 38
406 2302 496 2325 idcirco
509 2302 592 2330 itaque
611 2301 646 2323 ait
659 2300 703 2322 do-

169 2337 251 2359 minus
269 2339 312 2359 etc.
334 2338 367 2359 sic
382 2338 437 2359 item
456 2336 480 2364 4,
496 2336 528 2359 48
542 2338 563 2359 et
578 2335 626 2364 Ep.
637 2335 661 2362 9,
675 2334 703 2357 1ss

168 2371 258 2394 idcirco
270 2372 346 2399 igitur
356 2373 400 2393 etc.
422 2371 446 2400 4,
456 2370 487 2393 22
507 2378 563 2400 ergo
576 2373 601 2392 ut
616 2370 645 2392 ad
660 2376 703 2391 su-

168 2406 263 2435 periora
276 2405 413 2434 redeamus,
435 2406 494 2435 quid
508 2408 546 2428 est
564 2405 650 2433 igitur,
672 2404 697 2426 in

167 2447 215 2469 quo
245 2447 292 2462 non
324 2441 419 2463 nobiles
445 2440 606 2469 polluantur?
633 2439 655 2467 6,
679 2438 692 2460 4

166 2475 326 2497 beatissimus
344 2481 441 2504 quoque
460 2474 551 2497 Paulus
571 2474 695 2503 apostolus
723 2498 724 2506 ἵ

167 2510 241 2531 etiarn
262 2516 337 2531 unum
363 2509 393 2532 de
413 2509 515 2531 ecelesia
534 2509 626 2531 malum
653 2514 695 2529 ex-

167 2543 241 2573 pulit.
269 2543 288 2566 Ε
305 2542 326 2571 1,
343 2543 374 2567 23
394 2550 541 2573 quamquam
560 2543 620 2566 haec
639 2543 699 2565 111-,81

168 2586 193 2601 se
217 2579 250 2600 ita
269 2578 374 2601 habeant
392 2580 436 2601 etc.
471 2577 510 2606 Cf.
532 2585 606 2607 supra
633 2584 651 2600 ε.
673 2584 695 2600 v.

168 2620 235 2635 enim

133 2646 402 2676 plusqnunrpers'eclum
421 2647 570 2669 conium-tivi
591 2653 635 2675 pro
655 2647 700 2668 im-

166 2682 290 2710 perferto:
328 2682 358 2710 (i,
380 2680 411 2703 75
439 2682 551 2704 snl'llcere
582 2682 701 2703 debuerat

168 2716 335 2738 vmeiulationi
356 2715 433 2745 prima
450 2716 590 2745 captivitas,
612 2718 640 2737 ut
660 2716 698 2737 in-

169 2751 287 2772 stauratio
313 2753 464 2779 pevratorum
493 2757 538 2772 non
560 2751 698 2772 instauras-

167 2788 205 2807 set
223 2785 358 2808 excidium,

741 235 761 256 si
781 234 931 262 possibilitas
949 236 1077 263 pateretur
1097 232 1119 258 5.
1137 232 1168 255 38

740 271 850 298 potestas
861 269 1062 296 :magistratus
1080 266 1102 293 1,
1118 266 1157 290 11.
1178 266 1202 295 4,
1216 266 1256 290 21.
1280 266 1303 294 5,
1325 258 1327 262 ⁵

775 303 807 325 35
832 305 967 332 potestates
992 308 1111 324 summae.
1144 302 1167 329 3,
1184 301 1215 323 411
1235 301 1306 323 11110-

774 340 836 359 stres
855 340 991 366 potestates

740 372 873 400 praefigere
892 371 942 393 loca
961 371 1065 393 sudibus
1085 370 1108 398 6,
1127 369 1156 392 14

740 408 971 435 praesumptuosus:
995 405 1018 431 7,
1031 405 1062 427 355
1080 405 1182 426 audiant
1195 405 1239 426 hoc
1253 410 1305 426 om-

775 447 818 462 nes
848 440 967 469 improbi,
1001 439 1103 461 audiant
1129 445 1214 461 omnes
1233 445 1305 467 prae-

776 475 915 504 sumptuosi
934 477 976 496 etc.
1000 492 1005 497 .
1024 492 1028 496 .
1047 493 1051 498 .
1082 473 1149 502 loqui
1177 473 1305 495 universos

775 509 905 531 adversum
925 515 950 530 se
970 508 1031 530 deus
1051 508 1122 535 dicit,
1143 508 1186 537 qui
1205 507 1305 529 liberari

775 551 801 565 se
820 543 916 565 viribus
936 543 987 565 suis
1006 549 1077 571 posse
1096 544 1269 571 praesumunt.

741 578 902 607 praevarioari
927 585 940 599 a
963 577 1016 605 lege
1029 586 1060 596 =
1075 577 1211 599 desciscere
1233 575 1258 601 4,
1274 575 1305 598 95

741 612 915 641 praevaricatio
929 620 941 634 a
955 612 1058 639 symboli
1070 611 1229 633 sacramentis
1240 610 1264 639 o,
1275 609 1303 632 :31

741 646 888 676 principalia
902 656 931 666 Ξ
947 646 1019 668 initia
1038 646 1062 673 6,
1078 644 1109 668 26

742 681 889 711 probrositas
915 687 1008 703 morum
1028 680 1052 708 3,
1068 679 1114 709 463
1141 687 1165 709 p.
1189 680 1306 701 vitiorum

775 715 799 742 3,
815 715 847 738 50

742 752 906 779 procuratores
926 750 991 771 inter
1010 756 1092 771 servos
1112 748 1136 777 4,
1154 748 1182 771 15

741 784 865 814 profectus
876 793 906 803 =
919 783 1123 811 emolumentum,
1141 784 1237 805 utilitas
1258 782 1303 811 Ep.

775 819 799 847 9,
816 817 829 841 3
841 825 875 847 sq.

742 853 951 883 promptuarium:
974 851 998 881 7,
1015 852 1046 875 60
1066 852 1107 874 ubi
1128 852 1231 874 maiores
1251 851 1306 873 the-

775 888 841 910 sauri
865 887 945 916 (quam
965 886 1030 915 apud
1045 887 1125 915 Afros)
1134 888 1144 908 :³
1168 887 1211 908 ubi
1231 886 1307 908 maior

776 922 918 951 negotiatio,
940 922 982 943 ubi
999 921 1167 950 promptuaria
1180 921 1289 950 pleniora
1297 922 1307 941 ἱ)

742 957 882 986 propitiatio
904 956 921 978 Ε
938 955 960 983 1,
976 956 1006 978 63

742 991 870 1020 protestari
886 1000 916 1010 Ξ
931 990 1028 1019 publice
1048 990 1133 1012 testari
1155 990 1175 1011 Ε
1190 990 1213 1016 3,
1230 989 1259 1011 55

742 1067 814 1089 quam
835 1059 980 1082 insolentius
992 1060 1113 1087 positum:
1133 1057 1157 1083 2,
1173 1057 1205 1080 22
1225 1061 1254 1080 ut
1271 1058 1307 1079 se-

777 1094 898 1116 ratissimo
917 1094 1021 1115 crimine
1046 1100 1093 1115 non
1119 1096 1190 1122 pater
1209 1095 1306 1114 tantum

776 1129 865 1150 absens
875 1128 1062 1155 deformaretur,
1077 1134 1149 1156 quam
1159 1128 1223 1149 oculi
1233 1128 1307 1149 etiam

778 1165 818 1190 (z
833 1163 875 1185 sed
889 1169 909 1184 0.
926 1163 1007 1191 etiam]
1031 1163 1108 1184 totius
1122 1162 1188 1183 orbis
1207 1162 1306 1191 publico

777 1197 934 1220 foedarentur
951 1198 1057 1218 investu.
1080 1196 1099 1218 Ε
1111 1197 1134 1223 3,
1149 1195 1175 1218 51
1194 1199 1308 1218 1101111111-

776 1234 828 1254 tum
847 1245 880 1247 —
899 1238 971 1260 quarn
991 1241 1020 1250 z
1039 1238 1086 1253 non
1112 1234 1209 1253 tantum
1229 1237 1307 1259 quan-

776 1269 830 1288 tum

742 1301 855 1330 quamvis
875 1310 905 1319 z
926 1300 982 1327 sed,
1010 1302 1106 1323 tamen:
1135 1298 1159 1327 4,
1183 1298 1212 1322 13
1238 1299 1308 1328 plura

777 1338 837 1357 sunt
863 1342 889 1357 ac
918 1335 1007 1357 maiora
1037 1335 1112 1363 (vitia)
1144 1334 1305 1359 dominorum,

776 1370 888 1398 quamvis
903 1376 950 1391 non
964 1370 1084 1392 omnium.
1115 1369 1136 1397 1,
1152 1367 1184 1391 43
1204 1375 1309 1390 censura

777 1404 834 1431 suit,
861 1403 927 1433 quod
950 1404 1080 1432 castigavit
1099 1403 1227 1430 dominus,
1254 1403 1308 1432 pie-

777 1441 823 1466 tas,
851 1438 915 1467 quod
934 1438 1055 1467 peporcit,
1080 1438 1193 1467 quamvis
1213 1440 1308 1459 utrum-

777 1480 824 1502 que
849 1473 935 1502 impari
961 1472 1038 1495 modo.
1074 1471 1098 1499 2,
1114 1474 1128 1494 ὃ
1152 1479 1207 1494 ecce
1232 1471 1307 1494 habes

778 1508 869 1535 iugiter
897 1507 1071 1536 disponentem
1096 1507 1184 1534 deum,
1217 1506 1308 1535 iugiter

776 1542 968 1570 gubernantem:
985 1542 1098 1570 quamvis
1107 1541 1134 1563 in
1144 1541 1192 1563 isto
1202 1542 1309 1570 scriptu-

776 1583 816 1598 rae
835 1576 887 1598 loeo
912 1583 959 1598 non
985 1576 1130 1604 gubernatio
1151 1578 1248 1598 tantum
1269 1582 1307 1597 sa-

777 1618 824 1637 rra,
843 1611 885 1633 sed
900 1611 974 1633 etiam
988 1610 1096 1639 dignitas
1110 1610 1248 1632 declaretur
1262 1609 1309 1631 110-

778 1652 856 1667 mana.
885 1646 908 1673 3,
925 1644 938 1667 5
959 1645 1078 1674 quir-qnid
1094 1645 1132 1667 vel
1149 1646 1245 1672 agnosci
1266 1651 1309 1673 per

777 1686 833 1702 suos
853 1680 891 1702 vel
911 1680 1045 1709 praedicari
1065 1680 1125 1701 deus
1145 1679 1232 1707 xoluit,
1260 1685 1307 1701 non

777 1715 873 1736 tacebo:
908 1714 1021 1743 quamvis
1050 1714 1118 1743 prius
1143 1720 1215 1742 quam
1241 1714 1308 1742 loqui

777 1749 864 1777 ordiar,
886 1749 947 1770 scire
961 1749 1068 1777 cupiam,
1089 1755 1144 1770 cum
1159 1748 1309 1770 Christianis

777 1783 838 1805 inibi
859 1783 1010 1812 loquendum
1025 1790 1055 1805 an
1069 1790 1123 1804 cnm
1144 1783 1246 1811 paganis
1265 1783 1306 1804 sit.

777 1817 801 1845 4,
818 1817 849 1840 22
874 1818 903 1840 ad
923 1817 966 1839 has
992 1818 1151 1846 pervasiones
1172 1835 1176 1840 .
1197 1835 1202 1839 .
1223 1823 1308 1839 servus

778 1859 822 1874 nec
853 1852 961 1881 aspirare
990 1852 1152 1880 permittitur.
1190 1851 1308 1879 Quamvis

777 1887 897 1914 mentiar,
919 1886 1018 1915 quidam
1038 1887 1104 1908 enim
1119 1893 1149 1909 ex
1167 1887 1244 1908 servis
1264 1892 1308 1908 no-

777 1921 840 1943 biles
860 1921 917 1943 facti
938 1924 981 1943 aut
1000 1921 1067 1950 paria
1086 1924 1128 1943 aut
1141 1921 1230 1943 maiora
1243 1921 1307 1943 fece-

778 1958 837 1977 runt
850 1957 893 1977 etc.
915 1957 937 1977 et
950 1956 984 1977 sic
996 1962 1109 1984 persaepe
1126 1956 1151 1977 in
1164 1955 1307 1983 exceptioni-

778 1989 831 2017 bus,
852 1992 878 2012 ut
901 1989 922 2018 1,
938 1990 961 2012 a.
978 1989 1017 2012 51.
1037 1989 1078 2012 53.
1100 1988 1124 2017 2,
1142 1989 1162 2012 1.
1180 1988 1202 2012 3.
1224 1988 1248 2011 4.
1266 1988 1306 2012 117.

778 2025 802 2049 u,
819 2024 859 2046 90.
895 2024 917 2052 7,
934 2024 957 2047 5.
977 2023 1015 2047 17.
1031 2023 1071 2047 20.
1088 2023 1128 2046 82.
1150 2023 1190 2046 91.
1226 2023 1249 2051 S,
1266 2022 1306 2046 20.

778 2058 798 2080 E
816 2058 837 2086 1,
856 2058 894 2081 14.
922 2058 942 2080 Ε
958 2059 981 2082 3.
1003 2058 1044 2082 30.
1064 2058 1096 2081 ⁴5ss
1116 2060 1159 2083 etc,
1180 2060 1201 2080 el
1218 2064 1309 2086 semper

777 2101 831 2115 cum
855 2094 1018 2116 coniunctiuo.
1057 2092 1096 2115 Sic
1126 2094 1181 2115 item
1207 2093 1310 2121 ponitur

778 2134 934 2156 quamquam,
956 2128 1020 2150 velut
1041 2128 1064 2155 3,
1080 2126 1111 2149 43

744 2162 831 2190 quanti
843 2171 873 2181 ε
885 2169 956 2191 quam
971 2162 1044 2184 multi
1064 2161 1088 2190 3,
1104 2161 1145 2184 24.
1166 2161 1190 2189 4,
1207 2160 1249 2185 28.
1260 2160 1306 2189 893

778 2196 811 2224 ‘'l‘'-
828 2197 891 2219 tanti

744 2231 802 2259 quia
816 2241 845 2250 =
861 2231 923 2260 quod
943 2231 993 2253 loco
1012 2231 1146 2253 accusativi
1164 2238 1220 2253 cum
1237 2230 1305 2259 infin.

779 2264 801 2293 2,
819 2264 832 2287 5
853 2266 921 2287 vides
934 2266 992 2294 quia
1006 2272 1054 2287 non
1068 2268 1137 2294 potes
1151 2265 1229 2294 queri.
1252 2265 1272 2287 Ε
1283 2265 1306 2293 4,

778 2299 809 2322 45
831 2300 911 2322 nescis
937 2300 994 2329 quia
1019 2303 1045 2322 tu
1071 2307 1096 2322 es
1121 2300 1206 2323 miser.
1236 2300 1260 2327 3,
1277 2298 1306 2322 27

779 2334 983 2357 considerandum
1004 2337 1041 2357 est
1060 2334 1118 2363 quia
1140 2334 1203 2356 nulli
1223 2341 1308 2356 servo-

778 2375 831 2391 rum
850 2369 908 2391 linet
927 2369 1018 2395 eligere
1037 2371 1080 2391 etc.
1101 2370 1168 2391 etsie
1181 2368 1232 2396 fere
1247 2375 1309 2390 sem-

777 2411 820 2432 per
840 2410 895 2425 eum
917 2403 1058 2429 indicativo,
1084 2405 1111 2425 ut
1134 2402 1154 2431 1,
1172 2402 1212 2426 31.
1243 2402 1267 2429 2,
1283 2402 1306 2426 4.

779 2438 802 2463 4,
819 2436 859 2460 411.
877 2437 917 2460 114.
944 2438 967 2461 o.
983 2438 1006 2461 2.
1027 2437 1065 2461 19.
1086 2437 1108 2464 7,
1128 2437 1170 2460 101
1187 2439 1230 2460 etr.
1252 2444 1308 2459 eon-
1328 2454 1329 2467 ,

779 2474 816 2494 tra
839 2480 895 2494 cum
912 2473 1067 2495 coniunctim
1092 2472 1115 2496 5.
1132 2471 1146 2494 4
1172 2479 1227 2494 cum
1246 2472 1308 2499 legi-

779 2514 833 2528 rnus
849 2507 942 2528 dii-tum
963 2515 975 2528 a
992 2507 1045 2534 deo,
1067 2507 1125 2535 quia
1144 2507 1249 2535 aspiciat
1267 2507 1308 2528 iu-

778 2542 842 2567 giter
866 2548 962 2563 ornnem
988 2544 1086 2563 terram.
1121 2540 1144 2569 4,
1161 2540 1172 2562 7
1194 2548 1241 2569 quo
1265 2541 1309 2563 hou

779 2576 880 2600 indit-at,
902 2578 970 2598 actus
989 2576 1065 2598 bonos
1082 2575 1232 2597 christianae
1251 2575 1307 2597 fidei

777 2611 846 2639 quasi
862 2613 938 2632 testes
952 2617 1015 2638 esse,
1035 2610 1093 2639 quia
1107 2610 1264 2632 Christianus
1280 2629 1284 2632 .
1301 2628 1305 2632 .

776 2645 909 2674 adprobare
925 2651 972 2667 non
987 2645 1065 2674 possit
1078 2647 1120 2667 etc.
1147 2644 1172 2669 4,
1188 2644 1202 2667 δ
1222 2647 1307 2666 osten-

775 2679 831 2701 dere
852 2679 912 2701 illud
934 2679 1028 2707 volens,
1049 2679 1107 2708 quia
1126 2678 1189 2701 nihil
1209 2679 1255 2701 sibi
1276 2697 1282 2701 .
1299 2696 1304 2700 .

776 2720 894 2742 usurpare
915 2714 1016 2736 deberet
1033 2716 1075 2735 ele.

739 2748 844 2776 quilibet
860 2758 888 2767 z
904 2748 1057 2777 quieurnque
1076 2748 1100 2773 ti,
1118 2748 1149 2769 :ia
1164 2747 1234 2770 81411

739 2783 830 2812 quippi·
855 2783 922 2804 enini
942 2783 1091 2805 coniunctus
1122 2783 1142 2804 1,
1160 2781 1192 2804 41)
1213 2782 1237 2804 111
1257 2782 1306 2804 Ae·
1327 2794 1329 2808 ,ι

1381 235 1453 261 gypto
1478 233 1571 261 quippe
1598 234 1657 254 tuna
1685 232 1751 254 enim
1780 231 1910 260 multiplex

1380 269 1475 289 constat
1494 267 1531 289 dei
1553 267 1630 289 101558
1650 266 1810 296 supplitium.

1346 301 1408 329 quod
1421 303 1473 329 post
1487 300 1559 323 verba
1572 300 1676 327 (licendi,
1691 300 1796 329 putandi
1810 302 1851 323 etc.
1868 307 1910 328 pro

1380 336 1517 357 accusativo
1535 342 1589 357 curn
1609 335 1678 364 infin.
1711 334 1732 361 1,
1749 335 1763 357 (i
1783 341 1830 357 non
1850 338 1910 363 puto

1380 370 1442 398 quod
1464 376 1578 398 praesens
1602 373 1640 392 est
1664 370 1707 398 qui
1733 370 1850 391 sacrificio
1870 369 1909 390 in-

1380 407 1464 426 terest.
1496 403 1516 431 1,
1533 404 1562 426 37
1584 404 1670 425 dir-ens
1685 404 1750 433 quod
1764 404 1852 425 clamor
1866 403 1910 425 Su-

1380 438 1506 460 domorum
1525 438 1554 460 ad
1572 446 1597 459 se
1611 439 1756 461 ascenderit.
1786 437 1807 466 1,
1824 437 1854 459 44
1876 438 1911 458 siv

1380 473 1498 501 scripturn
1513 475 1550 494 est
1564 473 1626 501 qnod
1643 491 1647 495 .
1664 490 1668 495 .
1690 473 1783 494 dixerit
1796 473 1818 494 ei
1833 472 1913 494 donii-

1381 513 1436 529 0115.
1465 507 1488 532 3,
1506 506 1536 529 59
1558 513 1620 535 quae
1634 514 1687 529 esse
1708 514 1763 536 spes
1777 507 1835 528 ullis
1854 510 1910 534 pot-

1381 544 1430 568 est,
1458 541 1522 569 quod
1547 541 1642 563 liberari
1669 541 1726 563 mali
1752 549 1765 563 a
1789 541 1911 570 pam-issi-

1381 576 1428 597 mis
1448 576 1518 597 bonis
1536 576 1651 604 possint?
1674 576 1697 603 11,
1714 575 1745 598 49
1765 576 1911 603 intellegere

1381 617 1512 639 possumus
1531 609 1594 638 quod
1616 629 1619 632 .
1639 628 1642 632 .
1665 610 1817 633 damnamur.
1839 610 1864 634 o,
1880 609 1910 630 70

1381 651 1411 666 an
1426 644 1550 666 credimus
1563 644 1627 673 quod
1642 645 1753 673 captivus
1768 644 1856 666 animis
1870 651 1912 673 po-

1381 679 1455 708 pulus
1482 679 1524 700 1118
1545 685 1592 701 11011
1612 679 1703 700 suerit?
1728 678 1751 706 S,
1768 677 1800 700 ⁴25
1820 681 1844 700 et
1864 678 1910 699 mi-

1382 720 1471 741 ramur,
1501 714 1522 735 si
1542 720 1608 735 nuno
1626 713 1739 735 barbaros
1764 713 1803 734 illi
1829 712 1911 741 perse-

1382 750 1449 775 runt,
1470 755 1525 769 cuin
1540 747 1668 769 videamus
1688 747 1752 776 quod
1772 748 1849 769 sani-ti
1865 747 1911 768 viri

1382 782 1407 804 in
1431 782 1480 804 illis
1500 783 1613 804 barbaros
1633 782 1805 811 pertulerunt,
1835 783 1856 803 et
1878 782 1911 802 sir-

1381 823 1449 845 ,ωερε
1462 817 1524 839 nlius

1348 851 1411 880 quod
1424 853 1477 880 post
1490 852 1533 880 ita,
1551 852 1585 873 5111
1599 857 1642 880 pro
1656 853 1696 872 ut:
1722 849 1742 878 1,
1762 849 1790 872 15
1810 850 1846 871 ita
1857 857 1911 871 811111

1383 886 1462 907 voluit
1475 886 1614 908 infirmitati
1629 892 1687 907 suae
1698 885 1834 909 consulere,
1848 884 1911 912 quod

1382 920 1461 942 noluit
1481 923 1563 942 tamen
1583 920 1611 941 ad
1632 919 1802 942 fortitudinem
1828 925 1913 947 perve-

1383 955 1445 977 nire.
1474 954 1496 979 7,
1513 955 1544 976 st)
1565 955 1598 976 ita
1618 954 1717 976 ‹lt-licias
1744 956 1912 982 corruptorum

1383 989 1509 1011 hominum
1529 989 1625 1017 indepti
1645 991 1713 1011 sunt.
1735 988 1797 1017 quod
1815 994 1914 1016 eorrup-

1383 1023 1443 1045 telas
1469 1030 1560 1045 morum
1581 1023 1755 1052 repudiarunt.
1789 1021 1812 1049 7,
1829 1022 1860 1044 oo
1881 1022 1913 1043 sii:

1383 1058 1563 1087 impudicitiam
1576 1057 1703 1085 {Wandaliji
1716 1060 1912 1078 summoverunt,

1382 1093 1445 1121 quod
1475 1093 1613 1121 impudicas
1638 1094 1854 1113 eonservaxerunt.
1889 1090 1911 1114 7.

1386 1126 1428 1149 1117
1451 1130 1547 1149 tantuin
1574 1126 1638 1155 apud
1665 1127 1718 1148 illos
1747 1127 1913 1155 0100811510-

1383 1162 1450 1183 dium
1471 1162 1599 1187 vastitatis,
1622 1167 1669 1183 non
1690 1161 1768 1182 solum
1783 1160 1846 1189 quod
1864 1160 1914 1188 ipsi

1383 1197 1441 1218 vasti
1457 1197 1507 1217 sint
1523 1197 1627 1225 (snnt'.‘„
1649 1195 1689 1217 sed
1706 1214 1711 1219 .
1725 1213 1730 1217 .
1747 1198 1824 1217 vastos
1839 1195 1913 1216 etiam

1384 1230 1503 1252 Romanos
1516 1237 1570 1252 esse
1586 1231 1706 1252 fecerunt.
1734 1229 1756 1256 4,
1774 1229 1811 1252 14.
1834 1229 1857 1256 5,
1871 1228 1911 1250 32.

1384 1265 1403 1286 Ε
1418 1264 1442 1292 2,
1459 1266 1480 1287 S.
1504 1265 1523 1286 Ε
1538 1264 1560 1291 2,
1581 1264 1608 1287 19
1628 1271 1675 1293 quo
1695 1265 1730 1291 iit,
1752 1263 1815 1292 quod
1830 1264 1874 1292 qui
1889 1270 1914 1284 se

1383 1300 1594 1328 obtemperantem
1624 1302 1683 1320 tunc
1710 1299 1757 1325 legi
1790 1298 1912 1327 praebuit.

1384 1335 1453 1363 qnasi
1473 1334 1598 1361 evangelia
1618 1334 1758 1362 complevit.

1349 1368 1412 1397 quod
1431 1370 1483 1397 post
1503 1369 1597 1395 dubito,
1622 1368 1726 1390 dubium
1746 1373 1785 1389 est
1803 1375 1825 1389 r.
1848 1373 1866 1389 s.
1888 1374 1910 1388 iv.

1383 1403 1471 1425 dubito

1349 1437 1412 1466 quod
1430 1439 1484 1466 post
1499 1444 1596 1460 vereor:
1625 1437 1648 1464 5,
1662 1436 1674 1458 7
1696 1443 1779 1458 vereor
1793 1435 1857 1465 quod
1872 1436 1913 1464 qui

1383 1479 1431 1494 non
1443 1472 1506 1493 bene
1519 1473 1685 1499 observamus,
1708 1478 1751 1493 1181·
1766 1472 1828 1493 bene
1842 1471 1914 1492 leeli-

1383 1510 1473 1529 tainus.

1348 1575 1480 1598 redhibitio
1495 1585 1524 1594 τ-
1540 1575 1669 1597 retributio
1689 1574 1712 1601 4,
1729 1574 1768 1597 50.
1793 1574 1811 1596 Ε
1826 1573 1849 1596 2.
1866 1573 1896 1595 51

1349 1610 1505 1638 refrigerium
1528 1610 1546 1631 Ε
1561 1611 1584 1635 3,
1601 1609 1632 1632 411
1646 1612 1671 1631 et
1685 1609 1726 1631 48.
1751 1609 1768 1631 κ’,
1783 1608 1806 1632 -1,
1823 1608 1854 1629 35

1350 1645 1492 1671 religionem
1519 1645 1627 1673 protitcri
1648 1653 1677 1663 z
1693 1644 1765 1665 vitam
1795 1643 1912 1665 monasti-

1383 1686 1434 1701 eam
1449 1679 1539 1707 eligere
1560 1679 1578 1700 Ε
1590 1678 1613 1703 2,
1629 1678 1667 1702 lt.
1692 1677 1745 1702 1¹12.
1758 1677 1788 1700 47
1810 1684 1852 1699 nos
1866 1684 1913 1698 non

1383 1714 1430 1735 alia
1441 1720 1514 1735 cansa
1528 1713 1653 1741 religionis
1668 1712 1845 1742 philosophiam
1858 1713 1882 1738 fii,
1892 1718 1911 1733 e.

1383 1749 1460 1770 11111111
1483 1748 1622 1776 asceticam)
1650 1747 1818 1776 adpetivimus
1844 1753 1914 1775 quani

1383 1782 1447 1811 quod
1466 1784 1508 1804 etc.

1349 1817 1488 1846 repensatio
1508 1817 1528 1838 Ε
1543 1816 1566 1845 4,
1586 1816 1612 1838 17

1350 1852 1481 1881 reprobus:
1503 1851 1527 1877 4,
1544 1851 1575 1873 bt)
1594 1857 1649 1872 eum
1670 1850 1720 1872 siut
1738 1849 1914 1872 abominabiles

1384 1889 1409 1908 et
1433 1885 1565 1914 increduli,
1594 1885 1621 1907 :ul
1647 1891 1718 1906 omne
1747 1888 1826 1906 antem
1852 1891 1914 1913 opus

1383 1912 1602 1949 bonnm'reprobi.
1640 1918 1663 1947 7,
1681 1919 1710 1941 77
1731 1919 1834 1941 tradidit
1860 1919 1913 1940 illus

1387 1954 1476 1983 (Afros)
1500 1954 1524 1976 in
1545 1955 1673 1983 reprobum
1694 1961 1805 1981 sensum,
1832 1957 1857 1975 ut
1880 1955 1915 1975 sa-

1383 1990 1449 2011 ciant
1468 1995 1530 2018 quae
1550 1995 1598 2011 non
1618 1989 1743 2011 convenit.

1349 2023 1508 2053 respondeam
1524 2033 1554 2042 =
1570 2023 1720 2052 respondebo
1740 2022 1763 2047 2.
1782 2021 1790 2044 1

1349 2058 1481 2080 retributor
1512 2067 1541 2077 =
1564 2057 1777 2086 ll'iedervergseller)
1803 2056 1870 2080 1,ἰ13

1350 2099 1421 2115 ruere
1445 2093 1470 2114 in
1497 2093 1592 2121 aliquos
1612 2093 1637 2114 inv
1655 2099 1679 2114 rc
1703 2099 1799 2114 venerea
1822 2091 1912 2112 dir-[mu

1384 2126 1408 2154 7,
1425 2127 1471 2156 To,
1498 2126 1532 2155 cf.
1551 2125 1663 2149 Oudcnsl.
1679 2126 1711 2148 ad
1722 2127 1798 2155 Apul.
1815 2125 1912 2148 Melum.

1385 2162 1409 2190 7,
1425 2162 1454 2183 2²1

1349 2196 1446 2226 rupices
1465 2195 1569 2224 paginae
1591 2194 1613 2224 1,
1628 2195 1659 2217 43

1349 2272 1428 2287 sacer:
1457 2264 1480 2291 4,
1498 2264 1528 2287 74
1549 2265 1619 2293 quasi
1638 2264 1709 2286 iussu
1731 2267 1773 2285 aut
1788 2263 1876 2292 scripto
1891 2263 1913 2284 id

1384 2306 1449 2321 sat-ro
1472 2300 1496 2326 (ι’.
1512 2306 1532 2322 e.
1548 2299 1669 2328 imperiali
1686 2299 1794 2321 iussione
1809 2299 1847 2319 vel
1862 2299 1914 2326 epi-

1384 2334 1453 2362 stola)
1475 2334 1567 2355 faceret

1350 2369 1507 2396 salgamarius
1528 2368 1546 2389 Ε
1562 2367 1585 2395 4,
1602 2368 1633 2389 35

1350 2403 1417 2425 salus
1429 2403 1525 2431 proprio
1539 2409 1609 2424 sensu
1622 2402 1713 2424 dictum
1727 2401 1754 2424 ‹Ie
1768 2401 1913 2423 salutatione

1384 2439 1405 2459 ct
1424 2436 1573 2459 dedicatione
1593 2438 1677 2465 operis.
1706 2436 1784 2458 I‘rael'.
1806 2436 1835 2457 de
1855 2435 1911 2461 gub.

1383 2472 1423 2494 dei
1443 2471 1456 2494 4

1349 2507 1415 2529 salvo
1433 2513 1461 2528 eo
1480 2506 1543 2535 quod
1559 2516 1587 2525 z
1604 2509 1706 2534 exi-epto
1726 2505 1788 2534 quod
1811 2504 1914 2532 (abste-sc-

1383 2540 1427 2563 hcn
1440 2540 1526 2569 clavim,
1551 2540 1575 2567 5,
1594 2539 1622 2563 14

1349 2575 1427 2597 sancti
1454 2575 1602 2602 Christiani,
1626 2576 1640 2597 ι’.
1663 2582 1682 2598 e.
1706 2574 1756 2597 veri
1783 2581 1809 2595 ae
1831 2573 1914 2595 fideli-s

1387 2609 1407 2637 l,
1422 2609 1434 2632 7

1349 2645 1409 2666 satis
1423 2654 1453 2663 ε
1467 2644 1614 2671 admodum,
1636 2643 1810 2665 velwrnentvr:
1842 2643 1866 2665 4.
1886 2642 1912 2664 14

1384 2686 1430 2700 non
1450 2679 1509 2700 satis
1533 2680 1556 2706 ii.
1579 2686 1599 2700 e.
1619 2678 1789 2707 vehementer)
1811 2685 1824 2699 a
1844 2677 1913 2698 nobis

1383 2713 1514 2735 avrusandi
1541 2717 1597 2734 sunt
1625 2713 1665 2741 qui
1693 2713 1776 2734 divino
1801 2718 1913 2733 svrmone

1382 2751 1536 2770 avvusantur.
1570 2747 1592 2772 ’1,
1609 2747 1640 2768 7³
1658 2755 1695 2769 rus
1709 2747 1768 2768 satis
1794 2746 1911 2773 :v;il‹lu)

1383 2782 1511 2809 flagitiosa.
1545 2782 1588 2810 lep.
1609 2781 1629 2809 l,
1646 2781 1659 2803 2
1680 2782 1740 2803 satis
1754 2781 1854 2809 diligvre
1869 2783 1911 2802 riv.
