2202 3125
731 145 780 171 DE
800 145 959 171 GUBERN.
982 145 1046 171 nni
1067 146 1106 171 iv
1127 146 1137 177 1
1159 146 1280 171 21—32.
1780 150 1812 177 41

192 240 333 281 ipsorum
358 250 428 272 esse
453 240 610 271 videatur.
659 239 743 277 Quin
767 239 871 280 potius
895 239 1085 278 quicumque
1110 250 1149 270 ex
1173 239 1332 270 nobilibus
1357 240 1436 271 haec
1460 241 1544 272 mala
1560 242 1697 275 horrent.
1724 242 1820 273 irasci

193 291 313 322 talibus
343 291 475 323 debent.
509 291 593 331 quod
624 290 817 322 facinoribus
848 290 1076 321 sordidissimis
1106 290 1281 321 nobilitatis
1305 301 1419 322 nomen
1443 292 1614 324 infament:
1648 294 1723 333 quia
1746 294 1821 325 licet

193 342 244 377 111,
272 343 326 383 qui
349 343 431 374 tales
456 347 541 374 sunt.
570 352 694 373 omnem
718 346 852 382 gravent
876 342 1028 383 populum
1053 342 1285 373 Christianum.
1323 343 1506 383 specialiter
1527 348 1633 375 tamen
1656 345 1729 375 illos
1753 355 1820 376 sor-

194 393 287 424 dibus
311 394 376 425 suis
399 394 554 435 polluunt.
582 404 714 433 quorum
738 403 812 434 pars
837 403 907 424 esse
933 393 1090 424 dicuntur.
1139 393 1286 424 Diximus
1310 393 1416 433 itaque
1436 395 1560 426 nobiles
1576 396 1730 435 quosdam
1748 406 1818 428 esse
1847 396 1886 426 28

163 455 174 473 5
195 445 296 476 servis
320 445 504 477 deteriores.
553 445 700 476 Diximus
724 445 844 484 utique.
873 448 904 476 et
926 445 1179 485 improbabiliter
1202 445 1351 477 diximus,
1379 445 1440 476 nisi
1464 445 1547 485 quod
1572 446 1710 478 diximus
1736 458 1820 478 60111-

194 496 376 537 probamus.
425 497 508 527 Ecce
543 495 626 527 enim
661 496 701 527 ab
732 496 791 527 hoc
820 496 940 527 scelere
970 496 1021 526 vel
1052 496 1190 527 inaximo
1221 506 1317 537 prope
1348 497 1449 527 omnis
1479 507 1638 528 servorum
1670 509 1819 530 numerus

192 547 342 578 immunis
372 551 431 579 est.
479 547 643 586 Numquid
672 547 789 586 aliquis
820 557 857 578 ex
889 546 988 578 servis
1012 547 1122 578 turbas
1146 547 1392 578 concubinarum
1417 548 1528 585 habet.
1562 549 1714 588 numquid
1738 550 1821 580 11101-

192 601 295 629 tarum
320 609 451 630 uxorum
476 599 547 630 labe
573 598 724 639 polluitur
747 602 778 629 et
801 608 914 629 canum
939 598 990 629 vel
1015 608 1105 629 suum
1130 608 1215 629 more
1239 602 1345 629 tantas
1368 603 1458 639 putat
1476 599 1628 640 coniuges
1645 610 1719 631 suas
1735 610 1816 640 esse.

193 653 328 689 quantas
359 650 496 691 potuerit
526 649 651 680 libidini
683 650 877 689 subiugaret)
923 649 987 680 Sed
1016 649 1202 690 responderi
1233 649 1384 681 videlicet
1417 650 1458 681 ad
1482 651 1562 682 haec
1585 655 1703 692 potest,
1738 651 1821 691 quod
1848 652 1887 682 29

143 710 171 729 10
192 700 297 732 facere
327 701 428 732 servis
459 701 521 732 ista
552 711 614 732 non
644 701 755 732 liceat:
791 711 864 732 nam
895 701 1035 741 profecto
1066 701 1224 741 facerent.
1260 701 1286 732 si
1316 701 1435 733 liceret.
1492 703 1610 734 Credo:
1651 703 1708 734 sed
1739 713 1819 742 quae

192 751 260 782 fieri
291 762 354 782 11011
383 752 492 785 rideo.
529 752 621 792 quasi
652 752 735 783 facta
767 753 884 783 habere
916 763 978 783 non
1009 762 1150 793 possum.
1199 752 1382 790 Quamlibet
1413 753 1497 784 6111111
1527 753 1559 784 111
1589 754 1634 785 cis
1658 754 1820 795 improbae

191 806 330 841 mentes⁷
365 803 540 843 quamlibet
565 804 669 835 malae
694 803 884 845 cupiditates
908 804 987 835 sint.
1018 804 1125 835 nullus
1150 814 1205 845 pro
1229 814 1283 835 eo.
1318 804 1403 844 quod
1426 815 1487 835 11011
1510 804 1665 845 admittit,
1700 806 1820 837 scelere

192 854 329 895 punitur.
378 855 480 886 Malos
512 865 583 886 esse
611 865 719 886 servos
744 865 780 886 ac
806 855 1014 887 detestabiles
1038 855 1115 887 satis
1140 860 1258 887 certum
1282 859 1339 887 est.
1389 855 1454 887 Sed
1477 856 1536 887 hoc
1560 856 1666 896 utique
1690 857 1821 897 ingenui

193 915 229 936 ac
253 906 376 937 nobiles
400 906 504 946 magis
529 906 720 938 execrandi.
756 906 783 937 si
814 906 846 937 111
870 910 954 938 statu
979 907 1157 938 honestiore
1180 907 1306 948 peiores
1330 911 1411 938 sunt.
1461 907 1529 945 Quo
1552 907 1586 938 tit
1610 912 1643 939 ut
1666 908 1707 939 ad
1729 909 1820 939 illum

143 966 171 985 15
192 957 350 997 perveniri
381 957 500 989 exitum
531 958 575 989 rei
607 958 701 989 huius
733 968 866 989 necesse
894 958 951 989 sit.
986 968 1049 989 non
1072 962 1106 989 ut
1129 958 1213 989 servi
1237 958 1300 989 sint
1323 968 1341 988 a
1365 962 1454 989 reatu
1478 959 1637 998 nequitiae
1662 969 1739 990 suae
1764 959 1821 990 ab-

191 1008 355 1048 solvendi.
389 1008 447 1040 sed
478 1013 511 1040 ut
542 1009 669 1050 plurimi
700 1009 816 1041 divites
847 1009 950 1050 magis
974 1010 1037 1040 sint
1060 1019 1220 1041 servorum
1245 1010 1480 1050 comparatione
1504 1010 1688 1041 damnandi.
1737 1011 1819 1042 Nam
1847 1012 1887 1041 30

191 1059 272 1090 illud
297 1060 496 1091 latrocinium
520 1071 557 1092 ac
582 1061 687 1092 scelus
711 1061 782 1101 quis
807 1061 902 1101 digne
927 1061 1032 1101 eloqui
1056 1061 1164 1102 possit.
1193 1061 1286 1101 quod.
1315 1072 1385 1092 cum
1403 1062 1543 1092 Romana
1568 1062 1748 1102 respublica
1768 1063 1819 1094 vel

191 1111 254 1142 iam
285 1116 406 1143 mortua
438 1112 491 1143 rel
522 1116 605 1143 certe
634 1116 808 1143 extremum
835 1112 978 1153 spiritum
1003 1122 1103 1152 agens
1126 1113 1158 1143 111
1183 1122 1220 1143 ea
1244 1116 1350 1153 parte.
1388 1123 1449 1152 qua
1473 1113 1577 1143 adhuc
1601 1113 1706 1144 vivere
1730 1114 1820 1145 vide-

193 1166 259 1201 tur.
293 1163 479 1194 tributorum
510 1163 646 1194 vinculis
676 1164 766 1203 quasi
798 1163 993 1204 praedonum
1024 1163 1171 1194 manibus
1196 1164 1394 1204 strangulata
1419 1164 1584 1202 moriatur,
1617 1165 1821 1196 inveniuntur

145 1222 174 1242 20
194 1217 301 1245 tamen
324 1214 452 1255 plurimi
477 1214 628 1246 divitum.
661 1224 791 1254 quorum
816 1215 933 1245 tributa
957 1224 1115 1255 pauperes
1139 1216 1259 1246 ferunt.
1292 1215 1351 1245 1106
1376 1219 1439 1249 est.
1466 1215 1669 1246 inveniuntur
1692 1216 1820 1256 plurimi

193 1264 342 1297 divitum.
377 1276 508 1305 quorum
536 1266 653 1297 tributa
678 1276 835 1306 pauperes
860 1269 984 1297 necant.
1035 1266 1074 1296 Et
1098 1266 1181 1305 quod
1204 1266 1339 1297 inveniri
1363 1265 1496 1297 dicimus
1520 1266 1690 1306 plurimos⁷
1725 1268 1820 1298 timeo

192 1326 231 1347 116
264 1316 369 1347 velius
393 1317 572 1348 diceremus
597 1326 722 1348 omnes:
758 1320 821 1348 tam
848 1316 941 1357 pauci
965 1316 1047 1347 6111111
1072 1317 1148 1347 mali
1173 1317 1266 1348 huius
1291 1320 1438 1357 expertes
1463 1321 1550 1355 sunt,
1584 1317 1610 1348 si
1633 1321 1739 1348 tamen
1763 1318 1821 1349 ulli

191 1371 280 1398 sunt.
316 1372 349 1399 ut
376 1368 409 1399 in
439 1378 476 1399 ea
508 1372 614 1409 parte.
648 1378 710 1408 qua
742 1369 857 1399 multos
889 1368 1045 1399 diximus.
1080 1378 1189 1399 omnes
1219 1378 1321 1409 paene
1346 1368 1462 1399 divites
1485 1369 1623 1409 reperire
1647 1369 1816 1409 possimus.

191 1418 272 1449 Ecce
304 1419 387 1450 enim
418 1420 559 1451 remedia
585 1419 707 1460 pridem
731 1419 892 1450 nonnullis
916 1419 1046 1450 urbibus
1071 1419 1144 1450 data
1168 1419 1245 1459 quid
1268 1419 1356 1450 aliud
1380 1424 1528 1459 egerunt.
1563 1430 1657 1460 quam
1682 1424 1715 1451 ut
1738 1420 1820 1451 divi—
1848 1422 1883 1451 31

140 1479 169 1498 25
191 1474 239 1501 tes
270 1474 399 1501 cunctos
429 1471 586 1502 immunes
616 1471 804 1502 redderent.
839 1470 1024 1501 miserorum
1056 1471 1174 1502 tributa
1206 1472 1418 1503 cumularent:
1458 1471 1522 1501 illis
1552 1475 1585 1502 ut
1615 1471 1817 1503 demerentur

186 1522 357 1562 vectigalia
375 1526 494 1554 vetera.
522 1522 591 1553 istis
617 1526 650 1553 ut
673 1522 866 1553 adderentur
890 1532 987 1552 nora:
1015 1521 1088 1553 illos
1112 1526 1145 1553 ut
1170 1522 1314 1553 decessio
1338 1523 1433 1554 etiam
1457 1522 1657 1553 minimarum
1681 1522 1816 1554 functio-

188 1583 262 1604 num
286 1573 509 1614 locupletaret.
537 1574 615 1605 istos
640 1578 672 1604 ut
696 1574 838 1605 accessio
863 1574 1072 1604 maximarum
1098 1574 1280 1614 adfligeret:
1319 1574 1366 1605 illi
1391 1579 1423 1605 ut
1448 1584 1571 1605 corum.
1598 1584 1679 1613 quae
1704 1575 1817 1605 leviter

187 1624 341 1655 ferebant.
368 1625 587 1656 imminutione
612 1625 820 1657 ditescerent.
848 1625 901 1656 isti
925 1630 959 1656 ut
983 1635 1107 1656 eorum.
1135 1636 1216 1665 quae
1240 1626 1303 1657 iam
1327 1626 1410 1657 ferre
1434 1636 1495 1656 11011
1518 1629 1680 1666 poterant.
1708 1626 1816 1658 multi—

186 1675 357 1716 plicatione
382 1680 588 1714 morerentur.
625 1687 661 1707 ac
686 1677 731 1707 sic
755 1677 931 1708 remedium
955 1677 1034 1708 illud
1059 1677 1140 1708 alios
1163 1677 1371 1708 iniustissime
1396 1677 1542 1717 eng-eret,
1569 1677 1648 1708 alios
1672 1677 1815 1708 iniustis—

137 1735 166 1755 30
188 1726 266 1757 sime
297 1731 440 1765 necaret7
474 1728 547 1758 aliis
579 1732 665 1759 esset
695 1728 975 1759 sceleratissimum
1006 1729 1199 1769 praemium.
1234 1729 1306 1759 aliis
1337 1728 1617 1759 sceleratissimum
1641 1738 1810 1759 venenum.

184 1777 276 1809 Unde
306 1778 519 1810 advertimus.
554 1779 638 1819 quod
667 1779 745 1810 nihil
777 1789 847 1810 esse
880 1783 909 1810 et
942 1779 1093 1810 divitibus
1125 1780 1312 1811 sceleratius
1344 1783 1462 1820 potest.
1498 1779 1550 1819 qui
1574 1780 1722 1811 remediis
1747 1780 1812 1811 suis

182 1839 340 1870 pauperes
364 1830 538 1870 perimunt.
574 1834 604 1861 61
628 1830 707 1861 1111111
732 1831 927 1871 pauperibus
951 1830 1127 1862 infelicius.
1163 1840 1241 1871 quos
1265 1831 1360 1862 etiam
1385 1831 1454 1861 illa.
1482 1839 1568 1870 'quae
1592 1841 1647 1871 pro
1671 1831 1812 1862 remedio

182 1880 302 1911 cunctis
326 1880 452 1912 dantur.
480 1881 638 1912 occidunt.

271 1949 341 1980 VII.
374 1949 440 1980 lam
466 1960 539 1981 vero
563 1950 643 1981 illud
668 1951 777 1990 quale.
812 1960 905 1989 quam
930 1954 1091 1981 sanctum.
1124 1950 1207 1990 quod
1232 1950 1258 1981 si
1282 1950 1335 1990 qui
1359 1960 1398 1981 ex
1422 1950 1581 1981 nobilibus
1605 1951 1744 1981 mnverti
1768 1950 1810 1982 ad
1837 1952 1876 1981 32

136 2010 165 2028 :35
186 1999 279 2031 deum
311 2000 466 2041 coeperit.
506 2002 611 2032 statim
641 2002 789 2033 honorem
821 2001 995 2032 nobilitatis
1019 2001 1153 2032 amittit?
1198 2005 1253 2033 aut
1275 2005 1412 2042 quantus
1436 2002 1467 2032 in
1491 2002 1670 2033 Christiano
1694 2003 1810 2043 populo

186 2051 285 2082 honor
309 2052 426 2083 Christi
450 2056 508 2084 est.
537 2053 590 2084 ubi
614 2053 726 2093 religio
750 2053 922 2093 ignobilem
947 2052 1024 2084 facit
1034 2058 1045 2082 Ἰ
1089 2053 1201 2084 Statim
1226 2053 1320 2084 enim.
1349 2057 1381 2084 ut
1405 2053 1475 2093 quis
1492 2053 1604 2084 melior
1620 2062 1690 2084 esse
1707 2057 1809 2094 temp-

256 2224 263 2247 1
282 2225 339 2247 baec
353 2231 400 2248 om.
417 2225 438 2247 15
453 2227 463 2248 1
479 2233 511 2249 m.
620 2227 633 2249 3
648 2234 748 2254 grauem
768 2226 785 2247 T
890 2225 903 2247 4
919 2226 971 2247 5015
985 2232 1032 2247 om.
1055 2225 1073 2247 T
1178 2225 1270 2255 itaque]
1282 2233 1379 2255 quoque
1399 2226 1417 2248 T
1522 2225 1535 2247 5
1549 2226 1659 2248 diximus
1673 2227 1761 2254 utique
1775 2239 1807 2242 ——

184 2267 292 2289 diximus
312 2268 360 2290 11151
380 2275 427 2290 om.
442 2275 458 2297 p
563 2270 650 2298 utique
664 2269 710 2290 ΒΤ
722 2271 743 2290 et
757 2276 818 2291 corr.
834 2276 866 2290 m.
883 2268 906 2293 2,
928 2267 968 2289 serl
984 2270 1056 2290 vetere
1072 2268 1109 2289 A:
1130 2269 1214 2297 itaque
1229 2269 1249 2290 A
1268 2270 1277 2290 I
1292 2276 1324 2291 m.
1433 2269 1602 2297 improbaliter
1616 2268 1636 2290 R
1741 2275 1807 2290 com-

184 2311 315 2339 probemus
336 2311 355 2332 A
376 2317 436 2333 corr.
457 2319 490 2334 m.
514 2313 528 2333 2
551 2312 642 2335 1-3111115
665 2314 675 2333 I
696 2319 727 2334 m.
751 2311 824 2340 habet
936 2312 949 2333 <j
971 2311 1050 2333 omnis
1069 2317 1116 2333 om.
1139 2319 1154 2340 p
1267 2311 1279 2333 7
1301 2311 1421 2340 numquid
1443 2312 1478 2333 A:
1500 2311 1619 2340 numquid
1639 2312 1704 2334 enim
1724 2311 1771 2333 BT
1787 2314 1808 2334 et

184 2352 237 2376 edd.
355 2354 445 2383 aliquis
466 2354 486 2376 B
505 2361 524 2377 s.
546 2355 562 2376 l.
672 2353 686 2377 S
705 2358 728 2377 et
750 2354 834 2376 ABT:
856 2356 882 2376 ut
900 2361 915 2383 p
1021 2356 1093 2382 putet
1118 2354 1150 2382 Tp
1269 2354 1282 2376 9
1303 2354 1445 2383 responderi
1470 2356 1530 2376 l-ere
1552 2356 1562 2376 Ι
1577 2358 1620 2379 nr]
1643 2354 1759 2376 uidelicet
1779 2354 1806 2377 ad

182 2395 242 2418 haec:
258 2396 294 2417 A:
315 2396 342 2418 ad
363 2396 421 2419 haec
443 2396 494 2422 [hoc
514 2396 532 2418 T
566 2397 709 2426 responderi
724 2397 784 2425 BTp
893 2396 918 2419 ll
941 2396 1079 2425 quamlibet
1093 2396 1154 2418 AB:
1175 2397 1358 2425 quantumlibet
1377 2397 1410 2426 Tp
1429 2399 1530 2426 utroque
1549 2397 1600 2419 loco
1708 2396 1737 2419 12
1758 2404 1806 2420 non

184 2438 205 2460 R
224 2445 243 2461 s.
265 2439 281 2461 l.
389 2439 480 2461 amittit
501 2439 521 2461 Β
647 2439 675 2461 13
695 2439 851 2462 detestabilis
872 2440 890 2461 A
916 2441 924 2460 1
942 2446 974 2462 vn.
1097 2439 1124 2461 1⁴
1146 2439 1172 2469 sij
1191 2443 1248 2461 sunt
1274 2439 1293 2461 T
1397 2439 1549 2462 honestiores
1570 2441 1589 2462 A
1613 2441 1670 2463 lm.
1779 2444 1807 2463 ut

183 2488 231 2503 om.
254 2482 272 2503 A
298 2484 355 2504 Im.
378 2481 398 2503 R
420 2483 477 2505 Im.
589 2481 616 2504 15
637 2483 769 2511 peruenire
790 2483 810 2503 A
920 2481 948 2505 lli
969 2482 1075 2511 plurime
1096 2483 1115 2504 A
1137 2485 1193 2506 Im.
1216 2483 1326 2512 plurimu
1347 2484 1367 2504 A
1387 2490 1449 2505 corr.
1472 2483 1486 2505 '2
1504 2490 1537 2506 m.
1645 2484 1720 2511 magis
1739 2485 1764 2506 in
1784 2484 1805 2506 A

181 2526 328 2553 punctatum
452 2524 478 2547 Γ.
500 2528 581 2554 posset
607 2525 625 2546 Τ
744 2524 773 2547 19
794 2525 945 2553 transgulata
971 2525 989 2546 T
1105 2524 1136 2547 21)
1157 2532 1277 2554 pauperes
1297 2525 1381 2547 ferunt
1400 2538 1431 2541 —
1452 2532 1555 2555 quorum
1575 2526 1666 2548 tributa
1686 2533 1732 2549 om.
1754 2526 1773 2548 T

184 2565 210 2589 21
234 2566 350 2589 inuenire
371 2567 391 2589 A
497 2567 528 2589 22
548 2567 686 2590 diceremus
706 2567 767 2589 AB:
788 2567 923 2590 dixerimus
949 2567 982 2596 Tp
1089 2567 1119 2590 223
1140 2568 1263 2597 repperire
1283 2569 1406 2597 possimus
1427 2569 1463 2590 A.
1487 2575 1614 2598 possemus
1634 2570 1754 2598 reperisse
1774 2569 1803 2598 Β,

183 2610 306 2638 possimus
326 2610 433 2639 reperire
456 2610 603 2639 (repperisse
622 2610 652 2638 T.
680 2610 713 2639 Tp
819 2610 850 2633 2⁴
871 2613 971 2633 cunt-tos
992 2610 1085 2632 diuites
1103 2618 1117 2639 p
1224 2610 1255 2632 ‘215
1276 2610 1385 2633 decessio
1404 2612 1479 2633 etiam
1502 2612 1539 2632 A:
1559 2612 1632 2633 etiam
1652 2612 1760 2634 decessio
1774 2611 1802 2640 B,

184 2652 258 2674 etiam
278 2653 384 2675 accessio
408 2653 441 2682 Tp
548 2653 697 2675 t‘ructionum
714 2653 733 2675 Τ
836 2653 867 2675 2⁸³
888 2654 1062 2675 imminutione
1082 2653 1204 2675 orirentur
1225 2654 1245 2675 A
1269 2653 1401 2676 (orirentur
1419 2656 1571 2682 praeceptum
1591 2662 1618 2676 er
1637 2662 1659 2676 v.
1677 2654 1707 2676 29
1725 2661 1806 2683 punc-

184 2697 243 2717 !nvil
262 2703 295 2717 m.
312 2696 326 2717 '2
345 2698 366 2718 el
385 2695 483 2718 verbum
504 2696 651 2718 morirentur
669 2702 722 2725 sup.
746 2696 952 2725 multiplicatione
972 2695 1058 2717 adierit
1177 2696 1223 2718 iam
1250 2696 1324 2718 etiam
1339 2696 1359 2717 B
1465 2695 1496 2719 29
1517 2701 1668 2719 morerentur
1686 2704 1733 2719 om.
1751 2698 1770 2719 A

184 2738 216 2759 sic
237 2737 298 2759 AB:
319 2738 338 2760 si
361 2738 395 2767 Tp
520 2738 549 2760 :⁴4
571 2738 592 2760 si
612 2738 636 2760 hi
661 2738 707 2760 ibit>
728 2739 748 2760 A
768 2745 830 2761 corr.
851 2746 884 2761 711.
907 2740 928 2766 2)
952 2739 992 2767 qui
1016 2738 1067 2765 AB,
1093 2740 1112 2760 si
1133 2739 1188 2767 quis
1212 2738 1246 2768 ΤΡ
1266 2742 1286 2761 et
1306 2738 1358 2761 edd.
1485 2739 1513 2761 ad
1533 2739 1606 2762 deum
1627 2741 1737 2762 conuerti
1756 2748 1772 2769 p

185 2780 216 2803 :56
236 2787 291 2802 6556
312 2781 332 2802 A
350 2782 439 2810 purtim
460 2787 486 2803 επ·
506 2782 650 2803 correctione

265 2828 401 2849 Susum-rs.
1589 2834 1602 2855 (i
