2202 3125
292 589 327 617 91

291 997 330 1026 92

290 1373 329 1402 93

287 1886 326 1914 94

361 140 400 169 82
1083 136 1262 162 SALVIANI

360 233 464 263 onmia
488 241 569 271 (111110
594 231 781 272 pertulimus
805 241 866 261 non
889 230 1124 271 inprovidentia
1140 239 1197 261 nos
1214 230 1265 261 dei
1282 234 1376 269 atque
1399 230 1558 270 neglectu,
1587 229 1644 260 sed
1659 229 1791 269 iustitia,
1819 229 1876 260 sed
1897 229 1983 261 iudi-

360 283 424 321 cio,
461 282 517 313 sed
547 282 742 321 aequissima
771 281 1010 322 dispensatione
1034 284 1065 312 et
1088 280 1278 321 dignissima
1307 281 1513 312 retributione
1542 281 1714 319 tolerasse,
1747 290 1851 319 neque
1882 280 1981 311 ullam

360 333 485 373 penitus
509 333 643 363 Romani
666 332 750 363 orbis
774 336 829 363 aut
851 332 985 363 Romani
1015 331 1151 362 nominis
1178 331 1370 372 portionem,
1404 332 1580 372 quamlibet
1609 331 1749 371 graviter
1777 331 1883 372 plagis
1907 340 1982 362 cae-

359 384 493 415 lestibus
517 394 663 423 caesam,
691 393 841 423 umquam
865 384 964 414 fuisse
989 387 1171 414 correctam.
1219 383 1260 414 Et
1281 383 1353 414 ideo
1376 393 1578 423 nequaquam
1602 382 1648 413 uti
1671 391 1828 413 meremur
1849 391 1981 422 prospe—

357 435 418 475 ris,
446 435 519 475 quia
543 445 605 466 11011
629 435 815 475 corrigimur
838 434 994 465 adversis.
1044 434 1197 471 Quamvis
1227 433 1318 464 nobis
1341 434 1437 465 etiam
1460 434 1601 474 indignis
1624 433 1781 464 interdum
1804 432 1982 463 tribuantur

358 486 458 518 bona.
493 486 568 525 quia
597 487 698 517 bonus
730 486 877 517 dominus
908 485 999 525 quasi
1022 485 1321 525 indulgentissimus
1344 490 1451 526 pater,
1486 485 1545 516 etsi
1568 494 1624 515 nos
1647 493 1884 523 nonnumquam
1907 483 1982 514 sinit

359 547 415 577 pro
438 537 577 577 peccatis
601 537 716 568 nostris
740 537 912 568 humiliari.
940 546 1001 567 non
1019 536 1072 567 diu
1089 541 1196 567 tamen
1212 536 1330 576 patitur
1346 536 1468 576 adfligi,
1496 540 1527 567 et
1545 536 1618 567 ideo
1641 544 1723 566 1111110
1740 534 1863 575 asperis
1886 535 1982 565 rebus

359 588 496 628 castigat
520 598 593 619 suos
616 599 672 629 pro
696 588 876 628 disciplina.
904 597 987 618 nunc
1003 587 1185 626 tranquillis
1209 587 1295 618 fovet
1317 597 1372 627 pro
1395 587 1604 627 indulgentia.
1653 586 1741 617 Sicut
1764 586 1847 617 0111111
1871 585 1981 626 optimi

359 649 395 670 110
419 639 605 680 peritissimi
629 639 743 670 medici
767 638 979 670 dissimilibus
1003 638 1120 669 morbis
1144 648 1236 669 curas
1260 638 1405 678 dispares
1428 642 1591 679 praestant
1614 642 1709 677 atque
1732 637 1806 668 aliis
1829 646 1886 677 per
1909 636 1982 667 dul-

359 690 407 721 cia
431 690 654 721 medicamina.
682 690 754 721 aliis
778 700 835 730 per
858 699 967 720 amara
991 693 1185 727 succurrunt,
1213 693 1244 720 et
1259 689 1414 728 quosdam
1433 693 1544 720 curant
1566 689 1775 720 cauteriorum
1798 687 1977 727 adustione,

359 742 514 780 quosdam
538 742 766 781 malagmatum
791 740 1022 781 placabilitate.
1049 740 1122 771 aliis
1139 740 1294 771 adhibent
1313 740 1425 771 duram
1441 740 1515 771 ferri
1530 740 1771 780 prosectionem,
1799 739 1872 770 aliis
1888 739 1982 770 blan-

359 792 431 822 dam
455 792 627 822 int'undunt
651 792 712 823 olei
736 791 911 823 lenitatem,
940 795 1091 822 ettamen
1116 791 1343 822 diversissimis
1367 791 1442 822 licet
1465 791 1548 822 curis
1565 790 1677 822 eadem
1697 791 1784 821 salus
1800 790 1977 830 quaeritur:

356 843 399 874 ita
424 843 519 874 etiam
545 843 624 874 deus
648 847 772 875 noster.
801 843 827 873 si
851 842 978 882 quando
1002 852 1059 873 nos
1083 842 1190 883 plagis
1214 843 1441 874 austerioribus
1470 845 1609 879 0001001,
1643 840 1736 880 quasi
1767 841 1916 872 cauteriis
1944 850 1980 872 110

358 886 552 925 sectionibus
576 898 679 927 curat.
708 894 835 933 quando
859 898 965 925 autem
989 894 1084 925 rebus
1108 893 1268 934 prosperis
1292 894 1429 933 refovet,
1464 893 1557 933 quasi
1580 892 1649 923 oleo
1672 901 1709 922 ae
1732 892 1980 932 malagmatibus

356 946 551 976 consolatur:
579 955 636 986 per
659 945 818 976 diversam
842 945 926 976 enim
949 944 1194 976 medicaminum
1219 955 1310 985 opem
1335 944 1376 975 ad
1400 954 1495 975 unam
1519 943 1588 974 vult
1610 952 1667 974 nos
1690 943 1869 983 perducere
1893 943 1980 974 sani—

357 1000 465 1027 tatem.
515 997 625 1027 Solent
647 996 765 1037 quippe
790 997 886 1027 etiam
909 996 1121 1035 nequissimos
1147 1005 1265 1029 servos,
1292 1005 1371 1035 quos
1391 995 1550 1036 supplicia
1571 1004 1634 1025 non
1658 994 1859 1033 correxerint,
1886 994 1980 1025 blan—

358 1047 499 1078 dimenta
522 1048 687 1087 corrigere.
717 1052 748 1079 et
771 1057 849 1087 quos
874 1047 1009 1078 dominis
1027 1047 1092 1077 suis
1109 1047 1241 1078 verbera
1257 1056 1319 1077 11011
1339 1046 1565 1085 summiserint,
1590 1044 1747 1076 beneficia
1770 1045 1977 1076 summittunt.

356 1098 499 1130 Infantes
523 1109 647 1138 quoque
673 1102 703 1130 et
727 1108 836 1130 omnes
860 1099 925 1130 fere
950 1098 1101 1139 parvulos
1125 1102 1336 1131 contumaces.
1370 1108 1449 1137 quos
1472 1097 1646 1137 morigeros
1670 1096 1775 1127 minae
1799 1106 1836 1127 ac
1859 1096 1981 1127 ferulae

356 1160 417 1180 non
442 1150 600 1182 efficiunt,
635 1149 793 1181 interdum
825 1150 1018 1190 panchresta
1047 1153 1142 1188 atque
1173 1149 1349 1180 blanditiae
1373 1149 1414 1180 ad
1438 1148 1671 1180 oboedientiam
1701 1147 1840 1178 trahunt.
1888 1146 1981 1178 Unde

355 1201 544 1241 intellegere
569 1201 722 1232 debemus
746 1211 802 1232 nos
827 1206 858 1232 01
881 1201 982 1232 servis
1005 1200 1209 1240 nequissimis
1241 1200 1409 1240 nequiores
1433 1203 1464 1231 et
1485 1199 1710 1240 insipientibus
1734 1198 1876 1239 parvulis
1901 1198 1981 1229 stul-

355 1252 451 1283 tiores
476 1262 558 1291 esse.
586 1263 664 1292 quos
687 1263 745 1283 nec
770 1253 861 1292 quasi
884 1252 986 1283 malos
1011 1262 1119 1283 servos
1143 1256 1298 1283 tormenta
1322 1251 1483 1291 corrigunt
1504 1260 1564 1282 1100
1580 1250 1672 1290 quasi
1688 1249 1864 1281 infantulos
1887 1249 1981 1280 blan-

356 1303 495 1334 dimenta
521 1308 715 1335 convertunt.

442 1372 545 1402 XVII.
573 1372 612 1402 Et
636 1371 763 1411 quidem
788 1371 1054 1411 quemadmodum
1079 1371 1199 1402 nullam
1216 1371 1350 1401 Romani
1366 1370 1503 1401 nominis
1525 1373 1647 1410 partem
1671 1379 1773 1409 poena
1797 1368 1976 1400 correxerit.

357 1423 452 1454 511115.
481 1428 513 1454 111
537 1423 688 1462 arbitror.
716 1423 779 1453 iam
803 1423 1023 1463 probavimus:
1054 1425 1198 1462 superest
1222 1426 1255 1452 ut
1278 1421 1545 1461 quemadmodum
1571 1430 1629 1451 nec
1652 1430 1783 1451 munera
1806 1430 1865 1451 nec
1887 1419 1981 1450 blan-

356 1474 495 1505 dimenta
520 1484 576 1505 nos
601 1475 652 1505 dei
677 1474 836 1514 ctu-rigant
852 1474 1102 1514 comprobemus.
1151 1473 1282 1504 Munera
1302 1477 1407 1504 autem
1424 1472 1475 1503 dei
1493 1476 1523 1502 et
1538 1471 1758 1502 blandimenta
1782 1470 1863 1510 quae
1887 1472 1981 1500 sunt?

356 1535 437 1564 quae
463 1516 585 1556 scilicet
608 1525 668 1555 11151
693 1535 756 1566 pax
780 1528 888 1555 nostra
914 1528 944 1555 et
969 1524 1058 1564 quies
1072 1525 1189 1555 ’11051111
1213 1528 1244 1555 01
1259 1523 1451 1554 famulantes
1474 1523 1556 1554 votis
1572 1532 1608 1552 ac
1625 1522 1841 1553 voluntatibus
1864 1521 1980 1552 nostris

355 1586 459 1607 rerum
484 1577 694 1607 secundarum
718 1576 989 1616 tranquillitates?
1026 1575 1158 1614 Aliquid
1182 1585 1267 1615 ergo,
1302 1574 1376 1614 quia
1399 1584 1449 1605 res
1473 1573 1583 1613 exigit.
1611 1573 1705 1604 etiam
1730 1573 1868 1614 speciale
1893 1572 1981 1603 dica-

356 1637 437 1658 mus.
486 1628 586 1668 Igitur
610 1628 754 1667 quotiens
779 1628 810 1658 111
835 1631 930 1658 metu.
957 1627 991 1657 in
1014 1626 1189 1666 angustiis,
1216 1626 1248 1657 in
1272 1626 1422 1666 periculis
1447 1634 1572 1663 sumus,
1601 1634 1670 1655 cum
1694 1627 1749 1655 aut
1772 1623 1916 1655 civitates
1940 1623 1980 1654 ab

355 1679 498 1710 hostibus
522 1679 707 1710 obsidentur
730 1683 785 1709 aut
809 1678 991 1719 provinciae
1020 1677 1224 1718 populatione
1254 1680 1419 1708 vastantur
1443 1680 1498 1707 aut
1521 1676 1771 1715 quibuscumque
1794 1685 1898 1706 rerum
1922 1674 1980 1705 ad-

355 1730 559 1761 versitatibus
584 1730 628 1761 rei
652 1730 799 1770 publicae
824 1730 966 1760 membra
987 1729 1163 1760 caeduntur
1187 1732 1217 1760 et
1240 1738 1331 1769 opem
1363 1727 1512 1758 caelestis
1543 1736 1657 1757 manus
1687 1727 1769 1757 votis
1799 1736 1975 1767 precamur,

355 1781 381 1811 si
405 1791 465 1820 quo
489 1791 598 1812 sacrae
623 1781 836 1812 1111501111101115
868 1780 988 1811 auxilio
1020 1783 1075 1810 aut
1106 1780 1249 1810 salvatae
1281 1780 1376 1810 urbes
1406 1779 1523 1809 fuerint
1547 1782 1603 1809 aut
1625 1778 1712 1809 finita
1737 1777 1900 1818 populatio
1924 1780 1980 1808 aut

354 1832 486 1863 hostiles
510 1832 667 1863 exercitus
692 1832 754 1863 fusi
779 1836 810 1863 et
833 1835 936 1862 metus
960 1831 1062 1862 01111115
1088 1830 1169 1861 dono
1193 1830 1370 1861 divinitatis
1398 1830 1541 1867 ablatus,
1576 1829 1653 1869 quid
1677 1829 1783 1860 statim
1807 1833 1878 1869 post
1899 1828 1979 1859 haec

354 1884 459 1914 omnia
476 1883 631 1914 facimus?
677 1884 902 1924 Compensare,
931 1882 1035 1913 credo.
1064 1881 1190 1912 domino
1207 1881 1266 1912 deo
1283 1885 1389 1912 nostro
1409 1881 1505 1913 cultu.
1533 1881 1661 1912 honore.
1688 1880 1866 1911 reverentia
1881 1879 1980 1910 bene—

354 1934 441 1973 ficia,
477 1945 558 1975 quae
582 1935 621 1965 ab
647 1944 683 1966 eo
707 1934 942 1975 accepeiimus,
976 1933 1166 1969 adnitimur;
1200 1933 1257 1963 hoc
1289 1932 1371 1963 enim
1403 1936 1451 1963 est
1483 1941 1679 1971 consequens
1707 1936 1802 1971 atque
1825 1931 1859 1961 id
1882 1931 1977 1961 etiam

354 1995 430 2016 usus
453 1986 537 2017 vitae
561 1986 719 2017 humanae
751 1986 866 2018 habet.
901 1989 934 2016 ut
957 1985 1114 2016 referatur
1144 1984 1247 2024 gratia
1279 1983 1530 2015 faeneratoribus
1562 1983 1734 2023 gratiarum
1766 1986 1797 2013 et
1824 1982 1979 2023 recipiant

354 2038 454 2069 w'cem
478 2048 641 2069 munerum
666 2042 880 2069 munerantes.
929 2037 977 2068 Ita
1001 2046 1058 2067 nos
1082 2046 1158 2076 ergo
1182 2035 1314 2066 forsitan
1338 2034 1472 2065 facimus
1495 2038 1589 2074 atque
1606 2033 1754 2064 humanis
1778 2033 1883 2064 saltim
1908 2042 1979 2064 cum

352 2089 411 2120 deo
434 2094 540 2120 nostro
564 2089 824 2120 retributionibus
849 2092 1002 2128 agentes.
1038 2097 1108 2118 cum
1133 2087 1173 2118 ab
1198 2097 1234 2117 eo
1257 2087 1340 2117 bona
1367 2085 1558 2126 accipimus.
1593 2085 1676 2115 bona
1706 2084 1879 2115 reddimus.
1928 2083 1979 2114 Ad

352 2140 464 2171 domus
488 2140 639 2171 videlicet
661 2140 836 2171 dominicas
863 2139 969 2170 statim
994 2138 1166 2169 currimus.
1194 2147 1323 2178 corpora
1348 2136 1436 2166 humi
1461 2136 1649 2167 sternimus.
1677 2136 1786 2167 mixtis
1810 2145 1879 2166 cum
1903 2134 1979 2166 fletu

352 2191 479 2231 gaudiis
504 2192 738 2232 supplicamus,
766 2191 972 2221 inlustramus
1001 2189 1140 2220 donariis
1166 2198 1255 2219 sacra
1280 2188 1407 2219 limina.
1435 2197 1508 2218 aras
1532 2187 1716 2218 muneribus
1738 2187 1908 2227 implemus
1933 2190 1974 2225 et,

425 2380 434 2403 1
457 2381 613 2410 prouidentia
628 2381 648 2402 A
665 2382 675 2402 1
690 2388 721 2402 111.
740 2379 760 2401 B
866 2385 909 2400 nos
929 2378 969 2400 dei
988 2385 1034 2400 om.
1055 2377 1075 2399 T
1179 2376 1192 2399 2
1212 2377 1361 2406 aequissima
1380 2380 1404 2398 et
1424 2376 1569 2404 dignissima
1589 2375 1773 2404 dispensatione
1793 2376 1909 2397 tolerasse
1926 2382 1943 2403 p

354 2424 367 2446 3
388 2424 460 2446 urbes
476 2424 497 2445 A
514 2426 524 2445 I
539 2430 572 2446 m.
680 2421 694 2443 -1
715 2428 865 2443 mereremur
880 2421 933 2449 AB,
955 2420 995 2442 secl
1013 2427 1039 2442 re
1059 2421 1084 2441 in
1099 2421 1120 2441 A
1132 2422 1261 2448 punctam,
1284 2422 1412 2442 merentur
1430 2419 1449 2440 T
1553 2418 1566 2441 8
1586 2419 1651 2440 fouit
1670 2418 1691 2439 A
1707 2419 1718 2439 1
1732 2425 1765 2440 m.
1875 2417 1901 2440 11
1924 2424 1979 2447 pro-

353 2467 489 2489 sectionem
510 2466 572 2487 AB:
593 2466 726 2487 sectionem
745 2472 769 2493 p,
792 2464 969 2492 protectionem
994 2463 1012 2484 T
1135 2461 1164 2485 13
1185 2466 1208 2484 et
1226 2469 1242 2490 p
1361 2462 1389 2484 15
1410 2461 1600 2484 medicaminum
1619 2460 1680 2482 AB:
1701 2466 1746 2482 om.
1773 2460 1807 2489 Tp
1922 2459 1978 2482 uult

353 2516 396 2531 nos
412 2509 432 2531 Α
442 2517 449 2530 :
467 2515 510 2530 nos
525 2509 583 2530 uult
597 2507 642 2529 BT
654 2509 674 2529 et
688 2506 742 2529 edd.
853 2505 882 2528 1ss
902 2507 1065 2527 correxerunt
1080 2505 1116 2533 Tp
1224 2504 1252 2527 17
1273 2504 1444 2526 summiserint
1463 2503 1513 2532 Tp:
1528 2503 1702 2525 summiserant
1716 2502 1761 2524 AB
1867 2501 1897 2526 19
1916 2509 1978 2532 pan-

353 2554 444 2574 crestra
468 2551 487 2573 Τ
617 2549 648 2572 25
668 2556 729 2579 quae
749 2552 807 2571 sunt
829 2549 866 2570 A:
886 2555 1007 2577 quaenam
1027 2550 1085 2570 sunt
1102 2555 1119 2576 p
1138 2549 1159 2569 et
1179 2548 1261 2575 vulyo,
1282 2546 1403 2576 quaedam
1423 2548 1481 2568 sunt
1500 2546 1547 2567 BT
1673 2544 1704 2567 26
1724 2545 1897 2568 uoluntatibus
1916 2552 1975 2567 nos:

353 2594 524 2623 uoluptatibus
544 2592 599 2614 libri
704 2590 734 2613 27
756 2591 885 2620 specialem
908 2591 928 2612 A
946 2592 955 2612 l
972 2597 1002 2612 m,
1025 2590 1158 2618 spirituale
1182 2589 1201 2610 T
1304 2588 1335 2612 28
1356 2589 1454 2617 quoties
1474 2588 1544 2617 ABp,
1567 2590 1623 2610 item
1640 2596 1664 2617 p.
1683 2587 1722 2615 53,
1741 2587 1770 2610 10
1876 2588 1978 2617 imperi-

353 2637 415 2658 culis
435 2637 457 2658 A
563 2634 594 2657 29
614 2635 751 2663 111-0111011110
772 2634 810 2662 Ap
915 2632 943 2655 31
966 2636 1078 2654 seruatae
1096 2640 1112 2661 p
1217 2632 1376 2661 deppulatio
1401 2631 1420 2652 T
1530 2630 1561 2653 :32
1580 2631 1679 2653 hostilis
1699 2631 1721 2652 A
1740 2632 1750 2652 1
1766 2638 1798 2653 m.
1820 2630 1904 2653 hostili
1923 2630 1944 2652 B

353 2679 384 2702 :54
404 2679 543 2707 accepimus
564 2677 624 2706 BTp
731 2676 761 2698 :io
781 2683 825 2698 nos
844 2682 899 2703 ergo
920 2676 957 2696 A:
978 2681 1033 2703 ergo
1053 2681 1095 2696 nos
1115 2674 1162 2696 BT
1173 2677 1193 2697 et
1206 2674 1260 2696 edd.
1369 2673 1398 2695 37
1419 2673 1552 2703 accipimus
1573 2673 1634 2694 AB:
1654 2674 1794 2702 accepimus
1819 2673 1838 2695 T
1851 2675 1873 2696 et
1887 2672 1941 2695 edd.

352 2722 482 2745 reddamus
506 2721 525 2742 T
659 2719 690 2741 35
711 2719 798 2740 domus
819 2719 840 2740 Α
864 2720 872 2739 l
890 2726 920 2741 111.
942 2717 1003 2739 BT:
1025 2718 1108 2739 domos
1130 2718 1150 2739 A
1170 2724 1230 2740 corr.
1250 2725 1267 2746 p
1390 2716 1484 2738 scilieet
1508 2715 1526 2737 T
1648 2717 1730 2738 statim
1750 2716 1884 2738 dominicas
1909 2715 1943 2744 Tp

353 2765 384 2788 39
403 2765 538 2793 implemus
558 2769 604 2785 om.
625 2770 640 2791 p

2003 697 2030 716 10

2002 953 2030 971 15

2002 1208 2030 1228 20

2001 1480 2030 1500 25

2000 1736 2029 1755 30

2000 1992 2029 2011 35
