2202 3125
895 132 1119 159 PROOEMIUM.
1760 134 1818 164 XV

194 245 234 275 111
264 244 338 275 dum
427 245 639 285 properanter
670 246 875 285 properantes
968 245 998 272 11
1028 244 1073 283 §1
1104 243 1250 283 eveniret
1282 244 1448 276 adveniret
1535 245 1585 285 §2
1611 245 1688 276 ciris
1728 245 1818 276 cuius

200 304 283 343 (item
302 314 327 335 c.
350 307 388 334 46
406 304 421 345 ξ
439 306 461 334 3
564 305 599 334 12
624 303 639 344 ξ
658 305 673 333 4
692 302 860 334 ecclesiam
893 303 1028 334 ecclesia
1115 305 1148 332 14
1174 303 1189 343 ξ
1208 305 1225 334 3
1243 308 1368 344 recepta
1401 308 1549 345 percepta
1638 307 1671 334 15
1697 305 1712 345 ξ
1735 307 1741 335 l
1766 316 1817 336 se—

195 364 378 395 cundarum
408 363 612 395 fecundarum
717 364 752 392 1⁴5
777 362 792 402 ξ
812 363 828 392 2
854 362 985 393 dixerat
1016 362 1162 393 dixerant
1250 363 1265 403 ξ
1290 365 1307 392 :3
1332 363 1402 394 istic
1442 364 1531 394 istius
1620 364 1802 395 credideras·

195 424 368 455 credideris
481 425 516 453 17
542 423 591 463 §4
617 422 758 454 nonnulli
798 422 980 453 nmmullam
1098 425 1131 452 15]
1157 423 1207 463 §2
1232 423 1372 454 adventu
1410 423 1542 455 adtentu
1630 425 1646 464 ᾗ
1669 427 1686 453 3
1711 425 1817 455 ahsol—

195 485 289 515 veret‘
319 484 522 514 absolverent
608 483 624 523 ξ
649 485 665 512 4
690 482 833 513 mirantis
872 482 1059 513 mirantibus
1149 484 1187 512 20
1212 483 1227 523 ξ
1252 485 1260 512 1
1290 483 1323 513 id
1361 483 1445 514 idem
1525 484 1550 523 ᾗ
1576 485 1592 513 2
1617 484 1729 514 iubens
1767 484 1817 514 iu—

195 544 247 575 bet
334 544 435 584 quemJ
472 543 546 582 quia
634 544 753 574 cruore
790 552 931 574 cruorem
1022 544 1060 572 22
1086 543 1130 583 §l
1161 543 1341 583 proferebat
1385 543 1585 584 praeferebat
1674 548 1703 574 ct
1730 543 1802 574 ideo

194 604 286 635 video
374 603 390 643 ξ
414 604 431 633 3
457 604 495 634 et
525 606 557 634 ut
646 604 685 633 :th
710 603 725 643 ᾗ
747 605 754 632 l
785 603 887 643 gratia
925 603 1060 643 gratiam
1149 604 1313 643 effugeret
1342 604 1499 643 effugaret
1587 604 1602 643 ᾗ
1627 605 1644 633 2
1669 614 1816 644 praemu-

194 664 285 695 nitus
316 663 530 704 praemonitus
618 664 656 693 *28
682 663 697 703 ξ
720 665 726 693 1
757 663 918 704 superiore
942 667 1030 704 parte
1070 663 1263 704 superiorem
1288 667 1409 704 partem
1498 664 1513 704 ᾗ
1538 665 1556 693 2
1581 663 1810 694 difficillimam

195 723 382 754 difficillima
469 723 597 754 ibidem*
619 723 703 755 idem
793 725 832 753 25>
857 724 907 764 §23
932 725 1059 763 quanta
1081 728 1197 764 quanto
1287 726 1325 753 :30
1350 724 1365 764 ξ
1387 727 1395 754 l
1426 723 1615 765 praestruxit
1647 723 1816 764 perstruxit

279 784 329 824 §2
354 784 582 815 Constantium*
605 784 846 815 Constantinum
936 788 1171 815 commanentes
1206 788 1441 815 commonentes
1530 786 1568 813 33
1593 784 1644 824 §2
1669 783 1800 814 mirante

194 844 348 884 migrante
438 845 477 874 215
502 844 552 884 §2
577 845 746 875 auctorem*
776 844 961 875 auctoritate
1050 844 1100 884 §3
1126 844 1252 875 diabolo
1291 844 1409 875 diaboli
1497 844 1602 875 omnia
1618 844 1672 874 illa
1712 843 1814 874 omnia

199 904 248 943 (cf.
276 904 394 945 Sulpie.
423 904 508 942 Ser:
614 906 652 934 43
678 904 727 944 §2
753 904 867 934 intirmi
905 904 1003 935 intimi
1107 906 1146 935 46
1171 905 1186 945 ξ
1210 907 1214 934 l
1246 905 1381 944 Italiam
1411 904 1505 935 Italia
1593 904 1643 944 ξ’.)-
1668 914 1817 934 reveren-

193 965 286 995 tibus*
321 964 552 995 revertentibus
641 965 698 1005 §3
730 965 761 995 in
789 964 909 995 itinere
945 964 1068 995 itinere.
1160 965 1247 996 Haec
1280 965 1395 996 menda.
1425 965 1528 995 omnia
1560 964 1603 995 ita
1635 967 1815 1004 comparata

194 1035 264 1055 esse
288 1029 430 1066 apparet.
458 1029 491 1056 ut
514 1024 657 1056 inscitiae
681 1028 712 1055 et
735 1024 831 1055 errori
855 1025 1016 1055 oculorum
1040 1025 1209 1056 tribuenda
1233 1025 1305 1056 sint.
1332 1036 1394 1056 non
1418 1025 1572 1056 voluntati
1589 1024 1719 1055 librarii.
1762 1024 1817 1054 Vi-

193 1085 284 1116 detur
308 1085 402 1125 igitur
424 1085 467 1115 ita
492 1084 737 1115 existimandum
763 1094 852 1116 esse.
887 1089 920 1115 ut
943 1085 1069 1116 codices
1094 1087 1115 1115 L
1140 1089 1169 1116 01
1200 1088 1253 1115 ΠΙ
1281 1096 1320 1116 ex
1352 1085 1475 1116 duobus
1506 1085 1698 1126 apographis
1723 1084 1816 1115 unius

193 1145 357 1186 archetypi
381 1155 399 1175 a
423 1145 582 1186 plerisque
608 1145 742 1176 mendis.
778 1145 892 1184 quihus
917 1149 1025 1186 postea
1050 1146 1146 1177 verba
1170 1146 1319 1187 Eugippii
1344 1145 1519 1177 deformata
1537 1149 1617 1179 sunt,
1646 1145 1816 1176 etiamtunc

192 1205 284 1236 liberi
308 1204 499 1236 derivandos
522 1214 593 1236 esse
617 1205 810 1242 iudicemus⁷
844 1215 974 1245 quorum
999 1206 1148 1237 alterum.
1184 1216 1223 1237 ex
1247 1216 1307 1246 quo
1332 1209 1353 1236 L
1377 1206 1529 1246 originem
1555 1205 1661 1236 duxit.
1696 1205 1814 1235 maiore

192 1266 254 1297 tide
279 1265 472 1306 descriptum
497 1269 591 1296 esset.
620 1265 753 1296 alterum
779 1265 917 1299 levitati,
946 1265 1117 1305 aliquando
1141 1266 1235 1297 etiam
1260 1266 1414 1297 voluntati
1439 1266 1598 1306 scriptoris
1622 1265 1669 1295 sui
1694 1268 1815 1306 partem

192 1326 330 1366 aliquam
355 1335 416 1356 non
440 1325 527 1355 illam
552 1325 594 1356 ita
619 1336 767 1366 magnam
792 1325 993 1356 mendorum.
1028 1336 1108 1365 quae
1140 1330 1249 1367 postea
1282 1326 1313 1357 in
1344 1326 1407 1357 alia
1431 1326 1615 1367 apographa
1641 1326 1690 1356 vel
1715 1325 1816 1365 irrep—

192 1390 299 1417 serunt
327 1386 377 1416 vel
405 1386 496 1417 illata
520 1389 608 1418 sunt,
642 1389 804 1426 acceptam
830 1385 969 1416 deberet.
1019 1386 1067 1417 Ne
1096 1386 1176 1417 illud
1206 1386 1414 1427 archetypum
1446 1386 1573 1426 quidem
1606 1395 1733 1426 prorsus
1756 1385 1816 1416 im-

192 1457 285 1478 mune
310 1456 447 1477 errorum
470 1445 569 1476 fuisse
593 1445 708 1477 menda
733 1445 919 1477 documento
943 1450 1016 1478 sunt
1039 1446 1132 1477 trium
1158 1447 1298 1478 codicum
1325 1447 1513 1478 communia.
1541 1447 1571 1477 in
1588 1447 1721 1477 alterum
1740 1456 1813 1477 vero

192 1507 411 1548 apographum
435 1506 536 1547 plura.
571 1506 603 1536 in
626 1506 759 1537 alterum
786 1506 932 1546 paucima
958 1506 1046 1538 illata
1072 1506 1171 1537 fuisse
1196 1507 1365 1538 diversitas
1389 1507 1536 1545 ostendit7
1569 1517 1663 1547 quam
1688 1507 1769 1537 inter
1795 1509 1815 1536 L

192 1570 223 1598 et
252 1569 303 1597 1111
324 1566 520 1597 intercedere
545 1566 691 1597 vidimus.
742 1566 844 1606 Atque
874 1567 990 1598 menda
1021 1567 1106 1598 haud
1137 1578 1239 1608 pauca
1262 1568 1483 1607 antiquissima
1508 1577 1577 1598 esse
1603 1567 1648 1598 eis
1673 1577 1815 1608 compro-

191 1628 292 1658 batur.
320 1637 401 1666 quae
425 1627 611 1666 Anonymus
627 1626 746 1657 Valesii
771 1637 787 1657 e
812 1637 837 1657 c.
860 1629 876 1656 7
902 1627 1073 1668 excerpsit:
1103 1638 1175 1658 nam
1200 1638 1271 1658 eum
1295 1638 1376 1668 quae
1400 1628 1431 1658 in
1456 1638 1512 1658 suo
1537 1628 1642 1659 codice
1664 1627 1813 1668 Eugippii

193 1698 252 1718 non
277 1687 354 1718 satis
378 1686 544 1718 emendate
569 1686 685 1727 scripta
708 1686 883 1718 invenisset
907 1697 963 1718 suo
987 1688 1115 1719 arbitrio
1140 1688 1314 1719 correxisse
1339 1689 1373 1719 C.
1395 1688 1636 1728 Zangemeister
1659 1692 1742 1719 reete
1767 1688 1814 1718 vi-

192 1748 283 1779 detur
306 1747 464 1778 iudicasse
497 1747 583 1785 Mus.
611 1747 699 1778 rhen.
728 1747 837 1788 philol.
866 1750 905 1776 25⁴>
930 1758 959 1788 p.
980 1750 1067 1787 314¹.
1116 1748 1220 1786 Quare
1245 1749 1356 1779 mirum
1382 1759 1442 1779 non
1466 1749 1591 1780 accidit.
1620 1748 1703 1788 quod
1728 1748 1813 1779 haud

192 1818 291 1849 pauca
324 1808 372 1838 vel
404 1818 421 1838 a
452 1807 655 1848 scriptoribus
684 1807 828 1838 codicum
860 1808 1067 1839 recentiorum
1099 1809 1148 1839 vel
1180 1809 1219 1839 ab
1252 1809 1425 1839 editoribus
1458 1809 1612 1849 prioribus
1643 1809 1692 1840 1·οΙ
1722 1819 1739 1839 11
1764 1819 1813 1839 1110

191 1868 377 1899 coniecturis
402 1867 602 1898 emendanda
627 1867 763 1898 fuerunt.

278 1928 324 1959 Ita
349 1927 465 1958 factum
490 1931 547 1966 est‚
579 1931 611 1958 111
634 1927 665 1957 111
689 1927 748 1958 11110
772 1927 910 1958 editione
934 1928 1029 1959 verba
1054 1929 1203 1969 Eugippii
1228 1929 1359 1959 sormam
1383 1940 1402 1960 a
1426 1929 1582 1970 prioribus
1607 1929 1684 1960 satis
1708 1928 1815 1960 diver-

191 1999 257 2019 sam
281 1987 451 2019 induerint.
480 1988 614 2018 similem
638 1987 725 2018 illam
750 1987 952 2028 aliquatenus
977 1988 1184 2020 welserianae
1209 1990 1310 2028 4505}
1335 1993 1365 2020 et
1381 1989 1617 2029 11111111111111111110,
1646 1990 1702 2021 sed
1720 1989 1813 2021 valde

190 2048 377 2079 dissimilem
406 2047 575 2088 pezianae.
610 2057 737 2088 prorsus
769 2048 926 2079 diversam
960 2059 975 2079 a
1002 2048 1238 2080 friedrichiaua.
1288 2049 1392 2080 Etiam
1417 2050 1456 2080 ab
1481 2050 1517 2080 A.
1546 2050 1813 2081 Kerschbaumeri

191 2109 329 2140 editione
353 2108 447 2139 valde
472 2108 596 2139 diversa
621 2112 686 2139 est.
719 2108 802 2148 quod
827 2109 937 2139 mirum
964 2109 1064 2140 videri
1089 2109 1206 2150 possit.
1234 2120 1304 2141 cum
1330 2110 1465 2141 eundem
1489 2110 1544 2141 ille
1569 2111 1708 2141 codicem
1733 2111 1812 2142 late-

191 2179 357 2200 ranensem
382 2173 542 2208 sequatur.
578 2168 633 2199 sed
657 2179 728 2199 eum
754 2168 1028 2208 negligentissime
1053 2169 1194 2203 eontulit,
1223 2170 1375 2210 plurimos
1399 2181 1565 2211 operarum
1591 2181 1712 2202 errores
1736 2171 1814 2202 irre—

190 2239 264 2269 pere
288 2238 402 2269 passus
427 2232 491 2259 est.
528 2239 609 2268 quae
634 2228 665 2259 in
689 2228 851 2259 codicibus
875 2234 1021 2270 vsu-rupta
1046 2234 1134 2267 sunt7
1169 2230 1338 2261 emendare
1362 2240 1423 2261 non
1447 2231 1591 2262 tentavit.
1640 2233 1728 2269 Quae
1754 2242 1812 2271 ego

191 2288 347 2329 Eugippio
372 2288 476 2319 tribui.
503 2292 558 2319 aut
581 2288 611 2319 in
636 2288 736 2320 trihus
760 2289 931 2328 codicibus⁷
960 2289 1153 2321 lateranensi
1179 2290 1323 2321 vaticano
1348 2290 1577 2322 mediolanensi
1609 2291 1657 2331 jad
1681 2302 1758 2332 quos
1782 2292 1813 2323 111

191 2349 305 2389 exigua
338 2348 437 2379 libelli
469 2352 557 2389 parte
589 2349 662 2379 folia
695 2352 842 2388 quattuor
874 2350 1076 2380 monacensia
1105 2350 1285 2389 accedunt,
1321 2351 1365 2381 sie
1391 2351 1453 2391 legi
1484 2351 1655 2382 tenendum
1681 2356 1729 2383 est
1761 2356 1814 2383 aut

191 2408 274 2439 unde
305 2408 402 2449 petita
435 2409 497 2439 siut
527 2419 620 2448 quam
653 2409 891 2440 accuratissime
924 2410 1008 2450 potui
1041 2410 1202 2441 adnotavi.
1252 2411 1285 2441 si
1316 2411 1391 2450 quid
1416 2422 1489 2442 vero
1514 2411 1544 2442 111
1569 2412 1632 2443 eis.
1668 2423 1749 2451 quae
1774 2412 1813 2443 de

190 2468 399 2499 lateranensis
424 2469 611 2500 lectionibus
636 2469 792 2500 dicuntur.
820 2480 837 2500 a
864 2470 1129 2501 Kerschbamneri
1155 2471 1322 2502 collatione
1348 2471 1463 2502 differt.
1493 2472 1530 2502 11.
1560 2472 1695 2503 Hinckio
1720 2473 1812 2504 tidem

191 2528 368 2559 habendam
393 2538 463 2559 esse
487 2528 547 2559 aio.
597 2528 741 2569 Denique
765 2529 847 2569 quod
873 2530 1021 2570 capitula,
1055 2541 1136 2570 quae
1160 2531 1318 2562 dicuntur.
1350 2531 1431 2562 inter
1455 2531 1624 2572 epistolam
1652 2533 1812 2564 l'aschasii

189 2592 219 2619 ct
243 2588 344 2619 Vitam
370 2588 471 2629 ipsam
496 2588 599 2619 media
624 2589 725 2630 posui.
759 2600 829 2620 cum
856 2594 982 2621 secutus
1007 2601 1075 2621 sum
1100 2591 1253 2623 ordinem.
1285 2602 1378 2631 quem
1406 2592 1583 2633 Eugippius
1607 2593 1675 2633 ipse
1695 2593 1813 2633 episto—

190 2648 240 2679 lae
272 2658 349 2679 suae
378 2649 393 2688 ξ
424 2651 451 2678 ll
480 2648 616 2680 indicat:
652 2649 810 2680 indicia
843 2660 935 2681 vero
967 2651 1177 2682 mirabilis
1203 2652 1313 2683 ritae
1338 2652 1444 2683 eius.
1481 2653 1574 2684 huic
1599 2653 1808 2693 epistolae

190 2708 409 2739 coniuncto
427 2709 633 2749 praelatis
650 2710 850 2751 capitulis
868 2713 1253 2743 commemoratorio
1271 2713 1500 2744 recensita.
1524 2713 1644 2744 sient.
1664 2733 1702 2735 —
1724 2714 1812 2744 cla-
